3142 4700
258 230 298 287 88
694 226 829 280 Ernestus
846 225 975 280 Schwabe

259 420 328 467 rem
360 401 475 484 fuisse,
506 417 600 481 quem
627 400 669 465 ab
699 397 907 488 grammatico
934 399 991 464 illo
1020 417 1129 464 omnes
1157 396 1260 462 sciunt
1288 396 1406 481 saepis-

260 503 340 569 sime
362 500 411 567 ad·
426 501 560 569 uerbum
583 500 776 585 exscriptum
799 519 878 566 esse.
923 498 1087 567 Laudatur
1108 499 1140 564 in
1161 497 1299 582 scholio,
1323 500 1407 582 quod

259 605 325 670 iam
347 606 443 688 supra
464 603 639 687 attulimus
660 602 703 668 ad
718 602 880 668 Vilius:
902 599 1056 688 Καμίρφ]
1079 591 1407 686 ΚάμιροςἨρωδια-

260 704 316 782 νὸς
343 707 400 770 καὶ
422 702 653 789 Χοιροβοσκός
683 705 721 770 cf.
744 703 887 770 Crameri
910 703 1030 770 Auecd.
1060 703 1407 788 Paris.11.p.aso‚2a

259 809 436 892 Praecipue
458 806 581 874 scholia
602 808 660 873 illa
675 807 828 889 Tuetzea‚
852 805 892 871 de
915 807 1030 887 quibus
1045 825 1142 890 supra
1156 826 1188 889 p.
1200 808 1251 870 76.
1267 823 1337 886 sqq.
1352 826 1406 871 ex·

260 910 436 996 posuimus,
459 909 502 974 ad
524 909 779 976 Ohoeroboscum
802 907 969 975 referenda
990 908 1146 973 uidentur.
1184 906 1278 984 Quod
1300 906 1407 990 impri-

261 1014 322 1079 mis
343 1014 479 1097 apparet
501 1031 519 1076 e
541 1010 663 1076 scholio
685 1009 728 1075 ad
749 1010 774 1075 I.
788 1014 838 1093 63,
861 1011 916 1075 ubi
938 1011 1073 1077 Tuetzes
1094 1008 1176 1074 haec
1198 1007 1347 1074 adnotat:

309 1106 312 1110 ⁵
413 1112 523 1200 ἱππῆς
544 1136 595 1188 τις
617 1108 797 1195 ἒξώρθωσε
819 1110 1012 1199 δίφθογγονΙ
1026 1109 1173 1197 γράφων,

413 1199 476 1302 ἦτα
499 1212 535 1279 δὲ
556 1212 688 1300 γράψον
710 1205 850 1297 Ἀττικῷ
871 1211 987 1297 τρόπῳ
1009 1210 1157 1299 γράφων,

403 1311 430 1381 ’δ
455 1313 598 1391 Σκάλλος
621 1307 717 1391 οὗτος
745 1307 963 1379 ’λττικάτοιτα
984 1312 1116 1401 γράφει.

413 1415 455 1482 τά
477 1416 590 1482 πάντα
611 1419 717 1481 ταῦτα
738 1419 914 1503 τοιγαροῦν
936 1402 999 1502 ἦτα
1020 1414 1129 1502 γράφε

416 1519 540 1607 ἱππῆς,
564 1512 715 1605 ἀριστῆς,
740 1521 897 1605 Φωκαῆς·
920 1515 1008 1605 πλὴν
1030 1522 1150 1605 κυρίων
1201 1604 1203 1607 v

413 1620 455 1686 τὰ
478 1620 573 1707 κύρια
595 1618 682 1704 μόνον
705 1619 740 1684 δὲ
763 1618 934 1707 δίφθογγα
955 1617 1063 1706 γράφε

413 1727 646 1810 Δημοσθένεις
669 1724 752 1807 λέγω
774 1723 888 1787 τεκαὶ
909 1719 951 1785 τὰ
973 1719 1097 1787 τοιάδε.

264 1829 296 1892 et
317 1826 412 1910 paulo
436 1826 518 1891 iufra
539 1824 582 1891 ad
603 1844 716 1891 uocem
736 1836 920 1910 speculor.-

414 1929 470 1991 καὶ
491 1924 529 1991 τὸ
553 1938 717 2007 τροπαῖον
739 1924 783 2014 μὴ
806 1923 971 2011 τρόπαιόν
992 1949 1051 2008 μοι
1072 1923 1195 2011 γράφε,

416 2016 455 2093 δν
479 2020 619 2104 άττικιῦς
640 2025 769 2115 γράφῃς
793 2027 843 2107 δὲ,
866 2026 971 2092 ταῦτά
993 2049 1048 2093 σοι
1070 2029 1164 2111 λέγω.

417 2125 498 2216 aurp
523 2129 558 2194 δὲ
580 2130 739 2213 γλωσσῶν
761 2129 791 2195 εἰ
813 2124 954 2217 γράφεις
974 2154 1033 2212 μοι
1053 2127 1130 2205 τοὺς
1152 2127 1278 2214 λόγους,

417 2231 605 2320 δίφθογγον
628 2231 746 2308 ἱππεῖς
768 2233 825 2296 καὶ
845 2222 1010 2318 τρόπαιόν
1031 2255 1090 2315 μοι
1112 2230 1230 2318 γράφε.

281 2369 283 2374 ·
347 2334 474 2401 Priores
503 2354 613 2402 uersus
641 2333 682 2400 ad
706 2334 920 2402 choerobosci
949 2335 1110 2419 regulam,
1143 2355 1225 2418 quae
1252 2334 1411 2400 inuenitur

263 2439 296 2504 iu
311 2438 416 2522 Etym.
432 2439 516 2521 Mag.
532 2459 556 2503 a.
570 2457 599 2503 u.
617 2436 744 2517 ἱππεῖς,
760 2438 950 2528 conformati
966 2443 1055 2503 sunt:
1078 2436 1130 2502 δεῖ
1142 2436 1342 2521 γιγνώσκειν,
1358 2430 1413 2502 ὅτι

151 2609 155 2614 ,
265 2536 411 2604 ἐπὶτῶν
433 2538 480 2616 εἰς
497 2543 559 2617 ug·
578 2532 752 2622 ὀνομάτων
773 2533 793 2626 ἡ
817 2532 936 2605 εδθεῖα
957 2541 1023 2604 τῶν
1045 2538 1279 2626 πληθυντικῶν
1294 2537 1335 2604 τά
1352 2538 1410 2616 δύο

178 2697 181 2702 .
264 2644 298 2708 σε
321 2638 369 2716 εἰς
390 2639 449 2728 τὴν
470 2646 504 2707 ἐἶ
522 2644 627 2729 -κιρνᾷ
655 2638 711 2705 ἐπὶ
740 2642 806 2705 τῶν
835 2648 965 2727 κυρίων.
999 2638 1058 2706 ἐπὶ
1080 2641 1116 2705 δὲ
1138 2644 1203 2706 τῶν
1224 2638 1269 2728 μὴ
1291 2646 1411 2727 κυρίων

264 2737 348 2830 παρ’
374 2738 453 2840 ἡμῖν
474 2743 534 2827 μὲν
557 2741 613 2810 διδ
635 2746 694 2831 τῆς
715 2745 750 2811 {a
772 2741 975 2831 διφθόγγοο,
999 2741 1093 2828 παρὰ
1116 2742 1152 2807 δὲ
1166 2757 1237 2820 τοῖς
1250 2738 1412 2819 Ἀττικοῖς

266 2847 314 2923 εἰς
328 2849 358 2933 ἦ.
381 2846 535 2929 βασιλέες
555 2846 705 2935 βασιλῆς.
722 2844 961 2934 Χοιροβοσκός.
977 2845 1015 2910 cf.
1032 2845 1243 2912 Choerobose.
1259 2846 1292 2911 in
1307 2846 1410 2912 Theo-

266 2948 334 3014 dos.
367 2939 563 3028 ὃνοματικόν
591 2969 622 3031 p.
644 2953 715 3015 217.
746 2950 795 3016 ed.
825 2949 924 3014 Gaisf.
957 2954 988 3020 et
1015 2946 1132 3013 Herod.
1164 2947 1213 3014 ed.
1232 2948 1351 3014 Lentu.
1371 2949 1411 3013 Η.

265 3051 392 3134 poss,
408 3047 492 3113 etl.
516 3052 608 3114 424.’
631 3051 743 3118 Altera
764 3050 877 3130 regula
887 3048 912 3132 1)
937 3050 1084 3115 conuenit
1105 3070 1177 3115 cum
1198 3051 1304 3135 Etym.
1326 3051 1410 3130 Mag.

265 3172 296 3235 p.
310 3153 381 3234 769,
398 3155 460 3214 14.;
482 3152 552 3215 πᾶν
573 3150 723 3239 κτητικὸν
746 3144 917 3237 οδδέτερον
941 3143 1008 3216 άπδ
1026 3152 1173 3238 θηλοκοῦ
1187 3149 1319 3244 γεγονὸς
1340 3157 1411 3237 τρί-

265 3307 469 3316 *—

354 3391 378 3452 1)
395 3386 455 3441 Hoc
472 3388 534 3443 loco
552 3388 642 3443 statim
663 3404 741 3456 agam
763 3388 796 3442 de
813 3388 916 3442 scholio
934 3388 955 3440 Ι.
965 3392 1022 3454 30.,
1046 3379 1123 3455 quod'
1141 3387 1248 3442 uidetur
1265 3384 1412 3443 Herodiani

266 3486 339 3526 esse:
363 3476 496 3544 τροπαῖον
512 3470 529 3539 ἦ
547 3471 650 3531 παλαιὰ
664 3469 771 3537 Ἀτθίο,
793 3459 822 3538 ἧς
839 3479 916 3525 ἐστιν
934 3470 1052 3526 Εὔπολις
1070 3476 1204 3543 Κρατῖνος
1218 3467 1412 3543 Ἀριστοφάνης

268 3552 443 3621 Θονκυδίδης·
461 3554 595 3626 τρόπαιον
611 3553 628 3623 ἡ
646 3561 695 3609 νέα
710 3553 818 3620 Ἀτθίε,
836 3544 865 3623 ἧς
882 3560 941 3609 ἐστι
960 3554 1118 3627 Μένανδρος
1135 3561 1180 3609 καὶ
1197 3558 1224 3609 οἱ
1240 3556 1325 3622 ἄλλοι,
1343 3575 1411 3628 quae

266 3640 366 3695 eisdem
383 3639 441 3693 fere
458 3640 548 3694 uerbis
565 3641 680 3695 redeunt
696 3643 769 3709 apud
795 3642 877 3695 schol.
897 3641 1202 3709 Ατ.,Τ1]εεισορὴ.697.
1239 3643 1336 3698 Cetera
1354 3645 1411 3710 qui-

266 3725 327 3779 dem
347 3724 436 3777 lexica
459 3724 527 3777 nihil
543 3724 667 3789 tradunt,
692 3725 739 3779 sed
763 3725 785 3779 si
803 3726 930 3779 Eustath.
949 3742 975 3794 p.
986 3731 1044 3791 531,
1057 3731 1100 3780 34.
1119 3728 1232 3793 adieris,
1255 3746 1311 3784 non
1328 3728 1411 3783 alium

266 3809 347 3863 huius
365 3808 553 3877 explicationis
567 3815 706 3874 auctorem
723 3825 783 3863 esse
795 3825 899 3863 mecum
912 3812 1042 3876 censebis,
1056 3814 1337 3882 ⁸quamAHerodianum
1349 3819 1412 3887 περὶ

267 3890 415 3959 naucitatis
432 3891 599 3966 προσῳδίαι,
617 3894 775 3962 praesertim
793 3910 854 3947 cum
867 3895 1072 3961 Choeroboscua
1090 3897 1147 3952 tere
1162 3899 1197 3952 ad
1214 3900 1328 3953 uerbum
1346 3917 1410 3956 con-

268 3975 349 4030 sinat.
