3142 4700
249 313 310 374 108
680 312 816 368 Emestus
834 311 965 368 Schwabe

333 483 455 563 Quibus
476 483 633 569 exemplis
654 504 726 552 cum
753 483 820 551 iam
847 490 991 569 apertum
1019 483 1062 550 sit
1088 481 1247 550 interdum
1274 482 1400 552 scholia

246 592 356 654 nostm
378 590 410 652 ot
431 587 557 668 glossas
578 585 753 652 Photianas
782 585 825 652 ad
853 585 988 653 eandem
1017 585 1171 668 originem
1198 584 1399 653 reuocandas

248 707 334 773 esse,
356 686 454 753 etiam
475 685 510 752 id
531 676 759 770 probabilitate
780 687 858 753 mihi
881 707 990 754 carere
1011 707 1076 754 non
1096 685 1238 770 uidetur,
1260 686 1288 752 si
1309 687 1395 771 glos·

248 792 310 857 sas
323 788 498 855 Photianas
520 794 552 854 ct
578 788 702 854 scholia
724 787 957 874 Thucydiden,
980 806 1064 871 quae
1092 787 1154 853 etsi
1181 807 1245 854 non
1266 807 1397 872 prorsus

248 895 438 975 congruunt,
460 895 568 955 tamen
590 909 740 973 magnam
762 890 846 956 inter
861 909 897 956 so
914 889 1154 956 similitudinem
1168 888 1332 973 praebent,
1354 909 1398 955 ex

248 991 362 1060 eodem
391 992 459 1057 solo
488 990 607 1057 effossa
635 1009 705 1057 esse
728 990 939 1058 censebimus.
983 990 1106 1070 Quibus
1134 991 1188 1056 uel
1216 990 1320 1057 obiter
1349 989 1396 1054 in-

247 1093 366 1179 speetis
388 1097 420 1156 et
442 1111 514 1157 cum
529 1090 658 1157 scholiis
673 1090 893 1176 Thucydideis
908 1091 1101 1177 comparatis
1118 1091 1226 1158 statim
1242 1090 1397 1156 atticistu·

246 1216 318 1263 rum
340 1193 446 1259 lexico
466 1212 531 1257 non
546 1190 589 1258 ad
603 1191 736 1259 uerbum
752 1195 930 1276 exscripta,
952 1193 1010 1259 sed
1031 1193 1119 1278 ipsas
1135 1212 1240 1258 rerum
1254 1210 1397 1258 summas

249 1293 452 1362 auctoribus
473 1294 615 1360 historici
637 1294 862 1378 interpretibus
884 1302 1052 1379 excerptas
1074 1313 1145 1360 esse
1166 1294 1344 1374 intelleges.

332 1396 439 1479 Atque
458 1394 594 1478 primum
618 1394 747 1475 quidem
776 1395 870 1461 huius
897 1396 1023 1476 generis
1052 1396 1235 1478 exemplum
1263 1394 1398 1477 praebet

247 1496 343 1565 Photi
356 1496 466 1576 glossa
480 1488 727 1580 ἀγχωμάλου·
750 1499 809 1582 τῆς
830 1495 921 1584 ἴσης·
944 1499 1002 1584 τῆς
1025 1493 1117 1581 ἐγγὺς
1138 1497 1197 1561 τοῦ
1218 1489 1347 1577 ὁμαλοῦ
1359 1496 1398 1579 ¹),

250 1618 333 1684 quae
356 1595 470 1663 eadem
491 1597 525 1661 in
549 1596 674 1662 breuius
697 1602 859 1664 contracta
881 1604 930 1664 est
944 1597 977 1664 in
992 1598 1113 1665 scholio
1128 1598 1228 1663 Thuc.
1240 1596 1293 1661 IV.
1311 1600 1399 1663 134:

249 1693 458 1785 ἀγχωμάλου·
481 1698 539 1784 τῆς
561 1695 646 1784 ἰὀης.

333 1798 501 1866 Difficilior
522 1817 574 1865 res
597 1807 646 1866 est
668 1800 711 1865 ad
728 1799 967 1866 diiudicandum
988 1799 1022 1864 in
1035 1797 1181 1884 proxima
1195 1799 1318 1879 glossa,
1340 1799 1397 1865 ubi

247 1903 381 1970 Photins
395 1902 449 1984 (of.
461 1900 634 1967 Schwartz.
649 1909 681 1985 p‘.
695 1901 759 1984 56.)
775 1901 855 1967 haec
870 1901 1016 1968 exhibet:
1038 1897 1075 1964 τὸ
1094 1893 1251 1986 εὔηθες·
1275 1893 1400 1985 εὔηθες

249 2001 308 2069 ἐπὶ
328 2003 387 2067 τοῦ
407 2001 578 2083 βελτίονος
599 2003 653 2066 καὶ
676 2000 880 2088 Θουκυδίδης
902 2004 957 2067 καὶ
979 1996 996 2066 δ
1021 2000 1225 2088 φιλόσοφος,
1248 2021 1336 2083 quae·
1353 2001 1398 2069 ad

248 2106 349 2172 Thuc.
360 2105 416 2172 ΠΙ.
430 2106 480 2168 83.
502 2102 651 2169 uidentur
672 2101 848 2171 reserenda
886 2101 1037 2170 Scholion
1058 2104 1187 2185 quidem
1209 2102 1275 2168 alia
1297 2104 1400 2171 uerba

208 2274 210 2277 ,
248 2208 361 2274 habet:
393 2205 449 2270 καὶ
470 2201 507 2268 τὸ
539 2197 669 2290 εὔηθες]
692 2200 730 2268 τὸ
761 2198 890 2270 διπλοῦν
919 2205 975 2269 καὶ
997 2197 1176 2292 ἀμόνηρον.
1211 2210 1398 2292 οημοίωοαι

246 2307 284 2376 τὸ
310 2301 430 2396 εὔηθες
445 2304 503 2372 ἐπὶ
518 2306 633 2386 καλοῦ,
657 2312 753 2387 atque
775 2306 809 2372 in
824 2305 921 2373 dubio
937 2326 1094 2391 essemus,
1116 2308 1225 2389 glossa
1239 2306 1398 2375 Photiana

248 2418 352 2478 utrum
375 2430 446 2476 oum
467 2410 590 2477 scholio
605 2408 827 2490 coniungenda
841 2416 926 2476 esset
947 2429 1062 2495 necne,
1083 2408 1146 2474 nisi
1166 2410 1277 2491 glossa
1298 2427 1395 2490 quae-

248 2513 323 2580 dam
343 2514 377 2577 in
398 2509 620 2595 Etymologico
642 2510 759 2593 Magno
781 2530 812 2593 p.
829 2514 901 2592 390,
916 2514 966 2574 46.
996 2517 1209 2593 succurreret,
1236 2510 1282 2575 ibi
1310 2511 1397 2576 enim

247 2614 397 2698 legimus:
421 2604 541 2697 εὔηθες
561 2608 599 2675 τὸ
624 2605 773 2676 ἁπλοῦν
795 2612 851 2676 καὶ
867 2603 1036 2699 ἆττδνηρον
1050 2609 1206 2676 τάττεται
1222 2607 1280 2675 ἐπὶ
1294 2610 1397 2675 καλοῦ

247 2716 303 2779 καὶ
331 2710 390 2778 ἐπὶ
418 2705 561 2798 διχοιδοῦ.
591 2704 732 2798 εὐήθεια
758 2717 881 2798 μωρία.
922 2707 958 2779 ‘0
987 2710 1190 2798 Θουκυδίδης
1218 2708 1252 2776 ἐν
1279 2709 1306 2795 χ’
1337 2709 1418 2782 ἐπὶ,

247 2817 417 2900 βελτίονος
440 2812 602 2898 λαμβάνει
623 2808 718 2880 καὶὸ
744 2812 942 2901 φιλόσοφος.
986 2814 1065 2881 Cum
1082 2814 1204 2880 nullum
1226 2814 1397 2896 uestigium

248 2924 370 2999 exstet,
400 2934 463 2997 quo
493 2918 566 2982 t'reti
587 2916 710 2982 scholia
730 2913 943 2999 Thucydiden
963 2916 1006 2979 ab
1030 2916 1213 2999 etymologo
1235 2917 1399 3001 exscripta

248 3017 417 3097 ducamus,
440 3024 472 3082 et
493 3037 565 3083 cum
588 3015 823 3099 quodammodo
846 3016 1015 3083 conueniat
1036 3016 1178 3100 Hesychi
1193 3036 1218 3082 s.
1231 3037 1261 3082 u.
1277 3011 1398 3103 εὔηθες

247 3121 357 3201 glossa
377 3117 465 3203 prior
487 3112 633 3182 ἁπλοῦν·
656 3113 779 3201 μωρόν,
802 3109 971 3199 ἀσύνετον,
992 3117 1083 3183 illum
1097 3117 1180 3182 hanc
1193 3119 1335 3199 glossam
1354 3139 1396 3185 ex

248 3219 321 3288 aliis
343 3219 526 3286 auctoribus
549 3217 785 3303 deprompsisse
808 3218 1017 3286 censebimus.
1061 3219 1141 3286 Cum
1163 3238 1240 3285 uero
1263 3218 1295 3284 in
1316 3218 1395 3303 Ety-

246 3322 405 3402 mologico
427 3319 544 3404 Magno
567 3319 710 3386 scholion
733 3340 806 3386 oum
828 3320 923 3390 Photi
943 3320 1054 3405 glossa
1074 3319 1108 3384 in
1130 3338 1225 3385 unum
1249 3320 1395 3386 coniunc

164 3501 172 3512 .
246 3429 315 3487 tum
345 3422 402 3505 sit,
430 3442 493 3489 non
515 3422 611 3488 Photi
639 3425 762 3488 tantum
791 3421 974 3504 articulum,
1005 3419 1064 3488 sed
1091 3425 1191 3487 totam
1220 3421 1396 3505 etymologi

247 3523 389 3607 glossam
410 3523 558 3589 atticistis
579 3523 754 3590 attribuere
783 3544 848 3591 non
870 3522 991 3590 dubito.
1033 3523 1148 3605 ltaque
1170 3521 1234 3587 iam
1256 3523 1395 3607 primum

335 3709 359 3773 1)
383 3703 516 3759 Conuenit
533 3704 673 3761 Eudemus
695 3706 769 3775 apud
785 3707 952 3776 chsenum,
976 3706 1009 3762 de
1026 3705 1249 3775 Harpocrationis
1271 3706 1396 3761 lontibus

247 3808 274 3861 p.
284 3795 335 3857 99,
353 3788 445 3844 Lexic.
463 3788 562 3843 rhetor.
580 3790 608 3843 in
621 3790 739 3850 Behkeri
750 3789 853 3845 Anecd.
871 3806 898 3860 p.
908 3794 966 3856 333,
978 3795 1026 3857 12,
1044 3790 1148 3843 Timaei
1164 3790 1272 3846 lexicon
1289 3792 1318 3845 in
1331 3791 1395 3846 Pla·

247 3881 302 3930 ton.
321 3875 362 3930 ed.
378 3873 468 3928 Herm.
486 3872 596 3928 uolVI.
609 3889 637 3941 p.
649 3877 716 3940 397,
736 3873 770 3928 cf.
789 3872 888 3931 Nabar.
911 3875 947 3930 ad
963 3876 1041 3930 Phct
1060 3890 1088 3943 p.
1101 3878 1157 3928 113.
1192 3874 1294 3929 Moeris
1311 3890 1338 3943 p.
1350 3879 1395 3930 86.

247 3959 368 4014 Pierson.
386 3956 523 4013 aNabero
540 3956 677 4014 incuriose
694 3958 794 4013 allatus
816 3964 870 4024 est,
894 3976 956 4015 oum
972 3974 1029 4015 non
1046 3960 1079 4014 de
1096 3955 1266 4030 ἀγχώμαλος,
1291 3958 1339 4014 sed
1361 3958 1397 4015 de

245 4037 422 4112 ἇμφιδήριτοτ
438 4058 507 4098 uoco
524 4041 651 4114 disputet.
