3142 4700
163 286 176 306 .
291 249 330 308 90
724 249 858 305 Ernestus
876 248 1006 303 Schwabe

290 422 404 505 quibus
435 422 493 489 ille
525 422 612 490 solus
645 442 717 488 cum
749 420 929 488 scholiastis
960 421 1075 488 nostris
1108 422 1260 507 concinit;
1300 442 1364 505 qua
1395 422 1439 491 dc

290 542 389 592 causa
408 524 532 609 nescio,
554 544 596 590 an
618 526 698 592 haec
715 524 871 608 Dionysio
893 524 946 590 uel
967 524 1148 591 Pausaniae
1170 525 1341 593 tribuenda
1362 526 1438 591 sint.

289 626 440 710 Legimus
454 625 538 693 enim
553 648 584 711 p.
599 632 668 694 114.
704 627 847 693 Pierson.
870 622 1126 712 ἒξαληλιμμένον
1150 618 1224 691 ἀντὶ
1244 629 1305 690 τοῦ
1327 650 1437 712 κεχρι-

291 733 410 813 σμένον
430 726 643 815 Θουκυδίδης.
680 732 784 803 Locus
801 728 1030 813 Thucydideus
1052 735 1101 795 est
1121 730 1177 794 Hl.
1192 732 1254 813 20,
1276 728 1319 795 ad
1342 749 1439 812 quem
1471 766 1475 769 ·

289 832 351 897 hoc
381 829 535 897 habemus
564 830 722 898 scholion:
756 822 813 896 οὐκ
846 828 1114 919 ἐξαληλιμμὲνον]
1145 822 1183 896 οὗ
1214 835 1436 917 κεχρισμένον.

290 934 470 1000 Scholiasta
497 932 593 1015 igitur
622 953 695 999 cum
722 934 863 999 atticista
890 934 1044 1000 conuenit.
1090 934 1169 1000 Item
1196 933 1237 998 ad
1260 934 1437 1001 Moeridem

288 1035 490 1103 referendum
505 1041 553 1101 est
567 1034 711 1101 scholion
726 1036 828 1102 Thus.
842 1036 896 1102 IV.
912 1039 994 1101 raa:
1018 1028 1159 1122 ἀσαφῶς
1176 1032 1436 1123 ἒκπλήγνυσθαι]

290 1130 364 1203 ἀντὶ
385 1139 446 1202 τοῦ
460 1128 591 1223 ἀδήλως
606 1133 864 1223 ἐκπλήττεσθαι,
886 1159 961 1204 nam
976 1137 1093 1203 Moeris
1108 1137 1157 1204 ed.
1169 1137 1310 1204 Pierson.
1326 1160 1357 1222 p.
1367 1142 1435 1205 162.

288 1239 401 1304 habet:
418 1234 668 1324 ἕκνελήγνυσθοιι
683 1230 758 1303 ἀντὶ
771 1242 831 1304 τοῦ
847 1236 1095 1326 ἐκπλήττεσθαι
1112 1237 1323 1325 Θουκυδίδης,
1340 1257 1435 1321 quam

289 1338 536 1433 explicationem
559 1341 699 1407 Thomas
714 1342 867 1425 Magister
876 1343 900 1425 l)
922 1339 1097 1426 exscripsit.
1135 1339 1257 1406 Eadem
1280 1341 1434 1407 habemus

288 1439 375 1523 apud
388 1438 535 1506 Suidam:
547 1438 810 1529 ἐκυλήμνυοθαι·
828 1439 1086 1530 ἐκπλήττεσθαι,
1102 1462 1185 1524 quae
1197 1451 1303 1508 tamen
1316 1463 1334 1508 e
1345 1443 1432 1509 scho-

289 1540 520 1628 liisexcerpta
548 1564 618 1611 esse
644 1551 778 1627 possunt
799 1548 838 1612 ci.
853 1567 925 1630 pag.
942 1550 992 1612 94.
1037 1545 1146 1611 Tertio
1169 1544 1239 1611 loco
1260 1542 1434 1609 Moeridem

289 1643 468 1711 adhibitum
489 1646 685 1714 inueniemns
707 1646 740 1711 in
761 1648 895 1714 scholl.
909 1651 974 1713 90.:
1005 1640 1294 1731 ἆνυαλλαξείονυες]
1325 1637 1435 1709 dacol-

290 1746 447 1824 λοκυικιῦς
470 1745 612 1829 ἔχοντες,
646 1769 781 1832 quocum
813 1750 962 1817 conuenit
982 1749 1100 1816 Moeris
1127 1770 1158 1832 p.
1182 1750 1250 1812 188.
1280 1747 1433 1814 Bellen:

289 1840 569 1927 ἂνοαλλαξείοντες
590 1843 750 1931 Ἀττικοί,
774 1843 1028 1927 &malleacensis
1047 1840 1339 1936 ἐ’χοντεςἝλληνες.
1377 1848 1433 1916 (ie-

170 1962 174 1965 “
288 1956 358 2018 tera
384 1951 494 2018 lexica
518 1953 546 2019 si
576 1953 750 2035 euolueris,
780 1953 925 2020 inuenies
953 1952 1039 2036 apud
1067 1952 1263 2037 Hesychium
1285 1950 1434 2017 Moeridis

280 2054 437 2137 glossam,
460 2054 518 2121 sed
532 2055 766 2140 interpolatam.
804 2054 900 2140 Apud
913 2055 1063 2121 Photium
1078 2054 1138 2119 hoc
1153 2054 1224 2120 loco
1246 2053 1360 2119 lacuna
1376 2061 1434 2120 est.

289 2155 406 2222 Suidas
420 2157 555 2225 alterum
569 2157 726 2224 scholion:
748 2150 824 2244 ἤτοι
846 2154 1033 2240 ἐπιθυμίαν
1056 2154 1183 2238 ’ἔχοντες
1202 2147 1434 2242 ἀπαλλαγῆναι

289 2259 474 2344 descripsit,
505 2263 543 2326 cl.
574 2258 680 2326 Schol.
710 2260 882 2325 Τ1111ο.ΙΠ.
898 2262 949 2324 84.
971 2287 1014 2309 =
1041 2258 1154 2325 Thom.
1177 2259 1260 2342 Mag.
1290 2279 1321 2342 p.
1341 2262 1388 2339 11,
1404 2261 1433 2324 2.

288 2362 419 2449 Ritschl.
456 2362 577 2428 Lexica
598 2361 796 2444 Segueriana
817 2362 897 2428 nihil
915 2361 1051 2427 tradunt.
1087 2360 1221 2427 Moeridi
1236 2361 1342 2445 igitur,
1365 2381 1436 2426 cum

289 2463 330 2528 ab
353 2484 391 2530 eo
414 2465 482 2529 solo
510 2466 594 2530 hanc
616 2465 863 2549 explicationem
885 2463 1035 2529 traditam
1058 2482 1129 2530 esse
1154 2462 1337 2544 uideamus,
1366 2483 1437 2529 eam

288 2564 436 2632 adscribo
465 2565 682 2648 dissentioque
711 2588 731 2632 a
753 2566 952 2648 Goslingsio,
977 2566 1036 2654 qui
1064 2586 1093 2649 p.
1107 2569 1157 2630 43.
1187 2565 1270 2630 hanc
1297 2564 1436 2647 glossam

287 2668 330 2733 ad
344 2668 473 2734 Aelium
487 2666 678 2751 Dionysium
699 2666 769 2735 uult
789 2670 916 2734 referre.
954 2667 1019 2733 Sed
1042 2672 1229 2752 argumenta
1250 2667 1318 2732 eius
1341 2666 1436 2750 plane

218 2792 223 2800 ·
287 2770 406 2836 futtilia
427 2778 508 2836 sunt.
544 2772 701 2837 Prouocat
723 2770 807 2836 enirn
829 2768 873 2835 ad
887 2770 1009 2836 Naberi
1022 2770 1146 2851 Proleg.
1162 2790 1193 2852 p.
1209 2771 1259 2850 35,
1282 2770 1335 2834 nbi
1355 2769 1437 2835 hanc

288 2870 531 2954 explicationem
553 2893 616 2938 non
638 2871 794 2956 reperies,
816 2879 849 2936 et
870 2870 913 2936 ad
934 2870 1081 2937 Photium
1097 2892 1122 2937 s.
1137 2891 1168 2936 11.
1191 2870 1435 2956 υολεμηοείειν.

288 2972 324 3038 si
339 2973 378 3038 ‘in
399 2972 457 3038 Mla
478 2973 586 3057 glossa
603 2965 841 3048 ἆπαλλαξοίειν
863 2972 995 3038 uerbum
1017 2972 1197 3056 afferretur,
1219 2972 1360 3038 atticista
1374 2976 1435 3039 ior·

287 3081 373 3141 tasse
394 3078 506 3141 auctor
527 3073 695 3141 habendus
717 3082 815 3158 esset,
837 3075 894 3141 sed
917 3094 988 3140 cum
1010 3076 1071 3140 hoc
1091 3075 1137 3140 ibi
1152 3095 1215 3139 non
1229 3074 1299 3159 liat,
1321 3073 1434 3140 Moeri-

287 3176 360 3244 dem
375 3175 489 3244 scholii
510 3175 604 3242 huius
619 3182 781 3243 auctorem
804 3196 874 3243 esse
897 3175 1061 3244 contendo.
1098 3177 1271 3242 Praeterea
1284 3175 1435 3242 Moeridis

286 3279 408 3344 nullum
423 3284 528 3346 exstat
548 3278 582 3344 in
597 3278 727 3346 scholiis
747 3278 931 3362 uestigium,
955 3279 1030 3360 quia
1052 3278 1165 3345 ceteris
1187 3277 1333 3344 omnibus
1357 3278 1436 3344 locis

286 3379 454 3463 Moeridis,
477 3401 556 3463 quos
578 3381 846 3464 examinauimus,
869 3380 1040 3464 explicatio
1063 3380 1181 3446 omissa
1202 3385 1259 3445 est.

247 3505 248 3510 ¹
372 3479 409 3543 In
423 3483 626 3564 paucissimis
647 3484 725 3567 illis,
748 3503 832 3567 quae
845 3481 938 3547 nobis
954 3501 972 3547 e
986 3481 1197 3566 Phrynichi
1212 3480 1312 3565 copiis
1326 3501 1433 3565 super-

375 3670 400 3732 1)
417 3682 443 3734 p.
457 3670 513 3730 151,
525 3671 548 3720 8.
566 3665 680 3719 Ritschl.
698 3662 920 3736 ἑκπλήγνυσθαι·
947 3660 962 3717 ὁ
981 3661 1060 3718 αὐτὸς
1076 3661 1158 3734 μόνος
1175 3665 1242 3732 (scil.
1262 3663 1435 3733 Θουκυδίδης)

287 3746 372 3824 „irrep
396 3747 470 3820 puisi
491 3745 594 3821 paysitis
618 3745 792 3820 depascimini
816 3747 929 3819 ἀσαφῶς
952 3746 1182 3822 ἐκπλήγννσθαι“.
1209 3748 1242 3802 σὺ
1267 3748 1297 3802 δὲ
1321 3748 1435 3817 ἐκπλήτ-

287 3836 390 3887 τεσθαι
408 3832 467 3906 Myr
484 3833 542 3891 uri.
578 3833 731 3888 Secundum
750 3833 872 3888 scholion
889 3835 917 3888 in
930 3833 1096 3904 Thucydidis
1114 3839 1192 3889 textu
1208 3830 1322 3905 ἀσαφῶς
1340 3843 1436 3891 contra

289 3918 396 3974 codices
414 3921 449 3974 ab
468 3920 591 3975 omuibus
610 3919 758 3975 editoribus
776 3920 974 3988 scriptumest.
1009 3920 1147 3975 Habemus
1165 3919 1248 3990 igitur
1264 3921 1368 3989 locum,
1387 3922 1434 3976 ubi

236 4061 239 4066 ,
287 4002 398 4064 traditio
415 4003 548 4063 indirecta
565 4004 677 4062 meliora
694 4020 774 4076 quam
792 4003 895 4061 duecte
912 4005 1030 4060 exhibet.
