3142 4700
251 296 292 355 86
686 288 820 344 munaus
838 287 969 343 Schwslm

253 462 368 539 διανὸς
386 459 512 547 Ῥῖτοςς
541 460 584 529 ad
605 460 646 529 IL
661 463 713 528 99.
737 453 897 545 Ἠὸὠνας]
916 451 1059 524 Ἠδωνοὶ
1086 460 1141 524 καὶ
1169 458 1399 543 pecanlaopni

247 561 392 643 Ἡδῶνες
412 565 469 631 καὶ
457 556 640 631 ὶἩόοἶναι·
664 554 767 639 οὕτως
779 556 1000 648 Ἡρωδιανός;
1023 560 1067 625 ad
1078 544 1162 627 VIII.
1176 566 1225 626 44
1246 565 1399 646 Καμίρου]

252 667 420 755 Κάμιρος·
449 661 655 753 ‘Iloodeccdg
682 665 737 730 καὶ
759 661 1000 750 Χοιροβοσκός
1044 663 1175 729 Praeter
1203 663 1306 729 locum
1328 664 1398 729 ulti·

252 791 339 839 mum
362 769 459 838 etiam
479 766 615 853 panum
636 766 680 834 ad
694 766 951 834 Choerobcscnm
972 764 1089 832 referre
1110 764 1201 848 licet,
1224 766 1263 832 cf.
1280 765 1399 832 Herod

253 872 303 941 ed
326 870 434 939 Lenta.
449 870 490 937 II.
505 890 537 989 p.
553 872 640 935 577.:
672 864 798 946 ςῬῖγος
831 867 919 955 desei
942 865 1030 932 δέ
1001 888 1067 932 εισι
1089 868 1238 949 ποταμοὶ
1261 864 1319 931 δύο
1343 864 1399 931 διὰ

253 972 424 1062 φάραγγος
450 964 519 1037 ὑπὸ
548 972 608 1088 yp'v
591 967 808 1057 vdeocccc’
794 994 829 1036 εν
856 972 905 1054 sni
935 973 1088 1054 Θριασίου
1118 968 1198 1034 πεδί
1186 973 1226 1054 tro
1256 969 1400 1056 πλησίον

226 1067 441 1151 “Ἐλεοσῖνος.
471 1073 558 1159 λέγει
580 1071 681 1157 Ωρος·
698 1070 754 1139 διὰ
777 1070 1007 1159 ὁιφθόγγοοί
988 1068 1097 1158 ρειτὸς
1122 1072 1178 1136 καὶ
1200 1064 1324 1151 ὀξύνει,
1355 1066 1400 1147 ὥς

252 1169 441 1256 κλειτός,“
424 1200 441 1240 ο
472 1172 508 1240 δὲ
526 1168 733 1262 Ἡρωόιὰνὸς
761 1170 797 1241 ἐν
817 1198 856 1258 τῃ
843 1171 1027 1238 καθόλου
1057 1164 1206 1257 λέγει,”
1187 1196 1241 1237 οτι
1264 1170 1319 1237 διὰ
1341 1176 1400 1238 τοῦ

253 1276 452 1364 ῖγράφοται
473 1269 528 1342 καὶ
549 1273 738 1361 βαρύνεται,
762 1273 833 1359 οἷον
857 1274 948 1362 ῥῑτος
967 1287 1058 1350 σῖτος
1077 1281 1205 1361 Τρίτος.
1242 1275 1332 1355 Quae
1347 1276 1400 1342 de·

252 1384 399 1466 prompta
413 1384 486 1445 sunt
501 1398 518 1445 e
531 1376 744 1449 Ohcerohcsci
758 1376 987 1462 orthographia
996 1375 1155 1459 (Grameri
1165 1376 1285 1442 Aneed.
1298 1375 1399 1443 Oxou.

252 1484 294 1549 11:
310 1501 341 1567 p.
354 1484 432 1564 256,
448 1484 506 1563 13.,
534 1481 574 1547 cl.
596 1477 713 1547 Herod.
742 1479 794 1545 ed.
818 1481 924 1545 Lentu.
939 1479 979 1544 II.
997 1500 1028 1562 p.
1041 1480 1123 1561 418„
1145 1479 1284 1562 Etymol.
1316 1479 1398 1560 Mag.

252 1582 394 1670 p.703.).
427 1582 573 1653 Alteram
594 1582 700 1657 locum
721 1588 756 1647 ut
777 1600 875 1663 supra
890 1579 1017 1647 codices
1038 1580 1139 1646 secati
1160 1581 1332 1663 attulimus,
1354 1582 1400 1645 ita

253 1683 403 1752 Lentzius
417 1676 564 1751 exhibuit
572 1684 614 1749 11.
628 1701 659 1765 p.
673 1686 754 1766 729„
769 1683 802 1747 in
817 1683 921 1768 priore
936 1682 1097 1748 uolumine
1111 1702 1142 1765 p.
1155 1684 1206 1763 25,
1219 1686 1247 1747 7.
1263 1683 1324 1748 sic:
1354 1678 1398 1747 Τὸ
1433 1760 1437 1767 ¹

254 1786 290 1853 dl
308 1778 451 1862 Ὴὸῶνος
477 1785 771 1869 μοτὸιπέπλασταιΧ
787 1781 822 1849 ἐκ
847 1786 906 1849 τοῦ
923 1776 1082 1849 Ἠόωνοί·
1117 1782 1266 1867 λέγονται
1289 1782 1401 1849 δὲκαὶ

249 1880 405 1954 Ἠόὠναι.
452 1886 517 1953 Sed
539 1886 686 1953 cumille
709 1907 780 1953 eam
807 1887 948 1971 glossam
975 1885 1036 1951 soli
1058 1884 1250 1952 scholiastae
1272 1885 1400 1970 Thucy·

239 1988 340 2056 ‘didis
361 2007 397 2054 se
420 1987 537 2055 debere
558 1988 752 2063 alteroloeo
774 1990 928 2071 fateatur,
957 2007 1060 2071 neque
1090 1993 1196 2054 cetera
1217 1987 1323 2054 lcxica
1344 1995 1399 2054 aut

254 2090 373 2176 scripta
400 2089 608 2171 grammatica
635 2090 790 2156 auxilium
822 2090 915 2157 nohis
943 2089 1164 2174 suppeditent,
1194 2090 1400 2156 scholiastam

255 2191 431 2276 quendam,
454 2190 556 2258 donec
578 2197 702 2276 auctor,
726 2193 780 2275 qui
802 2192 884 2259 inter
904 2191 996 2257 illum
1019 2197 1052 2257 et
1065 2191 1282 2258 Herodianum
1304 2194 1399 2257 inter-

254 2295 400 2377 cesserit,
423 2293 616 2378 inueniatur,
639 2293 856 2362 Herodianum
877 2293 1056 2379 inspexisse
1078 2294 1286 2361 censebimus.
1323 2295 1399 2360 Ter-

255 2397 333 2463 tium
354 2396 497 2464 scholion
521 2400 569 2463 est
589 2397 676 2479 apud
696 2396 815 2464 Herod.
839 2395 889 2461 ed.
911 2394 1115 2478 Lentn.H.p.
1129 2401 1200 2461 530.
1234 2394 1400 2480 Κάμιρος·

255 2495 354 2574 πόλις
366 2491 494 2562 Ῥόδου·
516 2494 558 2561 τὰ
579 2495 642 2584 γὰρ
665 2494 722 2563 διὰ
744 2500 803 2562 τοῦ
825 2499 899 2582 {dc}
920 2493 977 2562 ἐπὶ
1000 2495 1132 2574 πόλεως
1155 2495 1314 2583 λεγόμενα
1334 2497 1401 2562 κτλ.

255 2603 294 2668 cf.
309 2602 334 2667 Ι.
350 2621 382 2685 p.
397 2601 465 2666 198.
488 2599 530 2664 Π.
545 2620 576 2684 p.
589 2603 660 2664 449.
698 2600 770 2666 Iure
785 2600 897 2683 igitur,
919 2600 949 2665 si
962 2598 1140 2666 Herodiani
1155 2601 1265 2682 uerba,
1287 2601 1402 2685 quibus

256 2700 464 2788 Thucydides
486 2701 610 2783 citatur,
632 2721 703 2767 cum
718 2700 849 2767 scholiis
863 2701 1083 2785 Thucydideis
1097 2708 1283 2785 congruunt,
1306 2707 1401 2786 atque

255 2804 283 2871 si
304 2803 427 2872 scholia
448 2808 556 2868 nostra
571 2810 747 2886 congruunt
761 2823 832 2868 cum
848 2803 1022 2869 Herodiani
1036 2803 1154 2887 uerbis,
1175 2805 1301 2871 etiamsi
1315 2805 1401 2891 apud

256 2923 329 2971 eum
350 2902 550 2988 Thucydidis
572 2923 632 2971 nec
652 2924 767 2971 nomen
788 2923 848 2971 nec
870 2906 970 2971 uerba
992 2905 1182 2989 afferuntur,
1212 2906 1401 2974 scholiastae

255 3006 342 3072 illius
374 3003 491 3072 scrinia
523 3004 714 3090 compilasse
747 3006 1010 3073 existimabimus.
1060 3008 1102 3073 Et
1133 3010 1239 3091 priore
1271 3007 1400 3090 quidem

252 3188 348 3263 Ὤρου·
364 3186 575 3261 adpotum
585 3185 715 3243 minoto
725 3186 937 3260 Ἀτραμῦτττειον
949 3187 1120 3258 θοοκυδίὃηε.
1149 3192 1329 3248 Schwartqus
1341 3194 1400 3261 qui·

255 3276 324 3343 dem,
341 3276 401 3331 Ael.
413 3274 493 3330 Dion.
505 3290 534 3343 p.
544 3278 577 3338 8.,
594 3274 668 3329 hunc
685 3274 775 3330 locum
792 3276 904 3330 emelii
915 3276 1039 3346 Dionysii
1056 3276 1180 3332 doctrino
1196 3278 1323 3333 haustum
1340 3295 1401 3333 esse

257 3360 439 3416 demonstrare
456 3358 551 3413 uolnus
586 3356 640 3413 Sed
657 3359 730 3429 apud
748 3359 925 3416 Ritschclinm
941 3360 971 3415 in
990 3362 1081 3417 libello
1099 3377 1195 3429 aureo,
1213 3363 1259 3431 qui
1276 3364 1327 3424 „de
1344 3363 1400 3418 Oro

256 3447 285 3499 et
302 3441 418 3497 Orione‘⁴
435 3443 583 3512 inscriptus
601 3446 658 3509 est,
680 3443 748 3498 nihil
764 3443 798 3499 ds
816 3445 987 3501 accuratiore
1001 3446 1167 3516 Thucydidis
1185 3448 1348 3501 mactatione
1364 3449 1400 3502 ab

256 3527 312 3584 Oro
328 3526 481 3581 instaurata
498 3526 617 3595 legimus.
652 3528 685 3582 ln
704 3527 892 3584 Antiatticista
909 3530 1028 3599 quidem,
1052 3546 1131 3600 quem
1149 3530 1241 3585 Naber
1258 3530 1400 3585 Ritschelii

256 3609 391 3682 quandam
402 3610 582 3679 suspicionem
594 3617 704 3666 secutus
716 3611 764 3666 Ori
776 3612 901 3668 doctrina
913 3615 963 3668 niti
974 3614 1120 3680 contendit,
1137 3616 1206 3685 prol.
1216 3630 1244 3682 p.
1254 3619 1400 3678 aa-tca,

255 3703 311 3753 tam
327 3693 566 3766 saepclaudatur,
582 3698 614 3749 ut
630 3696 752 3766 exempla
768 3712 907 3766 apponere
924 3714 1157 3768 superuacaneum
1174 3700 1217 3753 sit.
1248 3699 1316 3752 cnm
1333 3715 1399 3753 nero

255 3782 395 3853 Boysenus
420 3780 492 3835 hane
515 3778 668 3848 opinionem
692 3780 891 3850 impugnauerit
914 3788 942 3837 et
964 3784 1019 3839 loci
1041 3784 1140 3852 singtnli
1163 3785 1320 3855 saepissime
1345 3785 1400 3838 sint

255 3865 366 3920 lacerati
383 3880 471 3935 neque
487 3863 595 3921 omnino
613 3863 777 3920 conueniant
793 3882 856 3921 cum
876 3868 984 3924 scholiis
1001 3869 1198 3940 Thucydidem,
1222 3869 1256 3924 de
1274 3871 1328 3924 Oro
1346 3871 1400 3925 hoc

256 3947 318 4004 loeo
334 3950 450 4019 amplius
469 3952 584 4005 nonest
605 3948 751 4018 agendum,
779 3953 879 4021 qnippe
901 3954 979 4009 cuius
1002 3954 1191 4008 adnotationes
1214 3969 1264 4024 per
1281 3955 1400 4010 choere-

256 4032 369 4089 hoseum
384 4032 414 4088 in
430 4033 535 4091 scholia
550 4037 646 4092 nostra
661 4033 774 4091 fluxisse
791 4036 942 4093 uideantur.
