3142 4700
370 302 551 372 Quaestiones
569 302 602 358 de
620 302 784 358 scholiorum
802 301 1038 372 Thucydideornm
1055 302 1185 358 fontibus.
1254 296 1256 298 ’
1296 303 1354 361 137

204 474 401 544 intercedere
416 475 540 544 docent.
577 475 628 542 De
649 497 683 543 re
705 476 777 560 ipsa
798 444 917 561 optim⁸e
932 475 998 559 egit
1011 474 1197 541 liaussaeos
1219 473 1261 541 nd
1276 444 1376 541 Har-⁴

203 586 324 664 pocrat
340 598 366 644 s.
379 599 409 645 u.
445 577 494 643 Ea
508 598 594 663 nero,
617 597 699 660 quae
714 578 915 661 Goslingsins
929 599 961 663 p.
975 582 1024 642 61.
1042 576 1156 660 attolit,
1172 597 1235 643 non
1250 579 1358 660 magni

204 686 279 748 sunt
300 679 466 763 momenti,
489 700 561 746 cnm
582 681 703 748 Naberi
725 686 849 748 tantum
871 680 971 748 uerba
997 684 1128 765 repetat.
1173 680 1267 746 Locis
1289 680 1357 746 lau·

204 783 289 851 datis
318 780 438 868 (Etym.
467 784 552 867 Mag.
574 802 645 848 sn.
672 787 707 848 et
729 782 871 850 Bekkeri
892 780 1011 849 Anecd.
1034 803 1064 866 p.
1082 785 1154 864 277,
1172 784 1252 865 13.),
1283 782 1359 865 quia
1383 802 1385 806 ·
1483 769 1486 773 ⁵

206 890 358 971 excerpta
379 891 468 969 sunt,
493 884 563 952 sine
585 885 702 952 damno
725 905 835 952 carcre
856 904 1034 972 possumus.

289 986 378 1054 Vnus
400 992 499 1055 restat
521 988 626 1068 locus,
655 986 710 1069 qni
733 986 867 1055 fortasse
888 985 1148 1072 Harpocrationis
1175 987 1357 1055 testimonio

204 1089 307 1174 possit
334 1088 482 1157 atticistis
510 1088 643 1156 restitui.
687 1087 740 1153 Ad
767 1087 867 1155 Thnc.
880 1092 903 1155 Ι.
921 1093 991 1154 134.
1020 1087 1174 1154 nonnulla
1202 1088 1374 1157 habemus·

204 1190 344 1275 scholia,
368 1210 451 1273 qnae
473 1190 515 1256 ad
537 1193 640 1258 fontes
661 1190 866 1275 perantiquos
889 1190 1035 1255 uidentur
1049 1190 1229 1257 referenda:
1250 1189 1357 1269 τόπος

204 1288 272 1359 δΚ
278 1290 351 1358 εάδ
358 1316 404 1369 ας
418 1292 491 1377 (sic)
513 1284 740 1379 δρωρογμένος
762 1289 797 1358 ἐν
808 1294 990 1377 Λακωνικῇ
1010 1284 1097 1357 ὅπου
1119 1290 1198 1369 τοὺς
1220 1292 1357 1380 κακούρ-

203 1419 281 1481 γους
310 1392 457 1461 εἰώθασι
486 1395 633 1482 ῥίπτειν,
664 1402 698 1463 et
728 1394 828 1462 schol.
857 1396 959 1462 Patm.
990 1393 1139 1471 Κεάδας·
1172 1395 1279 1470 τόπος
1306 1420 1358 1472 τις

204 1494 298 1582 παρὰ
320 1496 623 1580 Λακεδαιμονίοις,
647 1495 696 1573 εἰς
717 1494 755 1562 δν
778 1494 954 1580 ἐνέβαλλον
976 1494 1053 1573 τοὺς
1075 1495 1288 1583 κακούργους,
1312 1492 1358 1574 ὥς

204 1591 383 1687 Ἀθηναῖοι
406 1598 454 1675 εἰς
474 1597 512 1665 τὸ
534 1598 721 1686 βάραθρον.
759 1599 911 1667 Scholion
934 1600 1069 1665 alterum
1091 1605 1200 1684 aperte
1220 1598 1358 1667 concinit

205 1722 277 1769 cum
298 1703 468 1770 Ammonio
496 1723 528 1786 p.
542 1705 591 1767 29.
622 1701 672 1768 ed.
696 1700 864 1768 Valcken:
900 1699 1076 1787 βάραθρος
1104 1702 1160 1765 καὶ
1181 1700 1357 1788 βάραθρον
1468 1722 1470 1725 ’

205 1804 370 1892 διαφέρει.
402 1802 578 1891 βάραθρος
606 1802 666 1886 μὲν
693 1799 755 1889 γὰρ
785 1796 803 1867 ὁ
832 1801 1009 1891 βαράθρου
1040 1796 1133 1878 άξιος
1162 1796 1356 1889 ἅνθρωπος.

204 1904 378 1993 βάραθρον
408 1905 444 1970 δὲ
477 1899 604 1992 δρυγμά
637 1930 671 1970 τι
699 1897 898 1995 Ἀθήνησιν,
933 1905 982 1981 εἰς
1010 1901 1028 1969 ὃ
1058 1900 1136 1980 τοὺς
1158 1904 1357 1992 κακούργους

205 2005 396 2092 ἐνέβαλλον,
431 1999 541 2095 ὥςπερ
570 2007 604 2073 οἱ
632 2004 902 2088 Λακεδαιμόνιοι
929 2003 1006 2082 τοὺς
1036 2005 1357 2090 καταδικαζομένους

206 2107 382 2194 ἐνέβαλλον
405 2108 453 2186 εἰς
474 2106 532 2176 τὸν
547 2107 679 2190 Κεάδα,
702 2129 797 2192 quern
821 2110 925 2176 locum
948 2109 1116 2194 exscripsit
1134 2097 1276 2178 Thomas
1290 2112 1356 2177 Ma·

204 2213 305 2298 gister
326 2235 357 2298 p.
370 2216 421 2279 60.
444 2210 494 2278 ed.
517 2211 649 2280 Ritsohl.
693 2214 762 2278 Iam
785 2231 883 2297 supra
904 2233 935 2296 p.
951 2215 1000 2276 89.
1024 2212 1177 2279 nonnulla
1198 2213 1231 2277 in
1253 2212 1357 2280 lexico

206 2314 262 2382 illo
284 2314 449 2383 obuersari
471 2313 620 2399 diximus,
644 2314 957 2398 quaeattieistarnm
973 2312 1150 2380 doctrinam
1164 2314 1356 2398 redolerent,

207 2417 296 2484 cuins
323 2418 371 2483 rei
399 2417 581 2504 exemplum
609 2415 663 2481 hic
690 2434 866 2500 agnoscere
895 2414 973 2481 mihi
1003 2413 1122 2481 uideor.
1166 2416 1291 2500 Atque,
1323 2415 1358 2482 id

208 2520 293 2605 qood
315 2519 455 2587 maxime
476 2538 586 2603 premo
592 2567 601 2600 ,
624 2515 759 2584 candem
781 2516 938 2583 habemns
959 2518 1094 2582 formam
1109 2518 1191 2584 falso
1206 2513 1357 2602 scriptam

208 2620 340 2698 Κεάδας
362 2622 394 2687 in
417 2627 550 2703 utroque
579 2619 775 2701 testimonio,
806 2639 877 2684 curn
899 2616 1053 2694 Καιάδας
1081 2638 1157 2685 nera
1179 2620 1229 2685 sit.
1273 2618 1354 2686 Con-

208 2726 285 2792 cinit
307 2745 378 2791 cnm
394 2722 543 2790 Ammoni
565 2723 635 2789 loco
657 2724 766 2806 glossa
788 2721 820 2785 in
837 2721 978 2788 Bekkeri
992 2720 1113 2786 Aneod.
1129 2742 1160 2806 p.
1177 2725 1264 2786 tto:
1287 2719 1358 2785 Βά-
1484 2723 1486 2731 ”

208 2830 355 2913 ραθρον·
379 2823 469 2912 πάγη
492 2822 534 2889 τὰ
556 2823 616 2908 μὲν
640 2817 708 2889 άνω
730 2822 871 2905 ἰὀχουσα
895 2819 1010 2909 ἰσχυρά
1033 2845 1123 2902 πιος,
1146 2820 1188 2887 τὰ
1211 2822 1247 2888 δὲ
1269 2821 1357 2888 κάτω

208 2924 395 3010 ὖπάχαυνα,
429 2919 512 3004 dicre
543 2923 602 2992 τὸν
635 2923 799 3009 ἐπιβάντα
827 2923 1019 2990 καταδῦναι.
1062 2916 1227 3012 Άθήνηοι
1256 2918 1287 2989 δ’
1319 2911 1358 3012 ἦν

208 3024 335 3115 δρυγμά
357 3053 390 3095 τι
405 3026 439 3095 ἐν
454 3028 643 3116 Κειριαδιῦν
666 3026 759 3114 δήμῳ
781 3030 841 3116 τῆς
861 3026 1016 3115 Οἰνηλδος
1034 3027 1153 3115 φυλῆς,
1177 3027 1225 3104 εἰς
1247 3024 1359 3104 deneg

209 3129 268 3196 ἐπὶ
282 3128 423 3214 θανάτῳ
445 3130 641 3212 κατέβαλον,
666 3122 775 3217 ὥςπερ
799 3130 832 3196 οἱ
846 3128 1114 3212 Λακεδαιμόνιοι
1134 3128 1183 3205 εἰς
1196 3127 1254 3194 τὸν
1269 3128 1358 3194 Κεά-

209 3232 271 3298 δαν
294 3227 484 3314 ἐνέβαλλον,
508 3230 594 3313 qnod
615 3232 649 3297 in
672 3231 770 3299 breue
792 3236 986 3300 contractum
1008 3232 1164 3298 habemus
1183 3229 1270 3314 apud
1287 3230 1357 3297 Sui-

209 3335 285 3402 dam
297 3329 473 3419 βάραθρον
487 3332 531 3415 gl.
543 3335 572 3396 2.
607 3332 780 3400 Praeterea
802 3337 928 3400 exstant
949 3333 1171 3401 adnotationes
1186 3331 1220 3398 in
1235 3331 1358 3400 scholio

209 3436 253 3504 ad
273 3436 369 3501 Arist.
392 3434 476 3502 Plnt.
489 3438 561 3498 431.
584 3429 641 3516 (2
663 3433 752 3500 Snid.
773 3435 817 3519 gl.
833 3433 874 3519 1.)
902 3442 935 3502 et
955 3434 1043 3519 apud
1064 3433 1358 3519 Harpocrationem,

210 3558 293 3622 quae
316 3537 468 3605 nonnulla
489 3534 618 3602 diuersa
638 3535 785 3603 afferunt.
830 3536 910 3603 Oom
939 3556 1066 3622 semper
1087 3532 1221 3600 Κεάδαν
1245 3541 1277 3603 et
1296 3534 1359 3619 βά-

210 3644 340 3727 ραθρον
356 3639 522 3707 coniuncta
537 3638 720 3723 uideamus,
743 3637 853 3720 quidni
876 3659 986 3705 omnes
1008 3639 1068 3706 has
1082 3640 1207 3726 glossas
1221 3637 1265 3704 ad
1283 3659 1357 3705 esn-

210 3743 283 3810 dem
305 3741 461 3824 originem
482 3741 680 3808 referamus?
716 3740 782 3806 Sed
805 3760 876 3807 oum
898 3740 1158 3823 Harpocrationis
1179 3740 1267 3805 loons
1289 3758 1357 3804 cor-

210 3850 321 3929 ruptus
342 3842 401 3927 sit,
423 3849 543 3909 certum
558 3844 626 3909 ·hoc
646 3843 828 3939 exemplum
850 3861 921 3910 csse
942 3862 1006 3909 non
1027 3842 1130 3908 ausim
1153 3837 1268 3905 dicere.

295 3945 410 4026 Neque
437 3945 538 4011 multo
567 3945 660 4011 aliter
681 3964 733 4011 res
755 3950 942 4030 comparata
964 3952 1012 4012 est
1040 3945 1073 4010 in
1095 3941 1193 4008 schol.
1216 3941 1316 4008 Thuc.
1332 3943 1357 4007 Ι.

210 4043 334 4129 idaia
355 4047 396 4131 τῇ
418 4037 589 4133 ἠπείρῳ]
613 4039 752 4133 ἤπειρος
766 4049 887 4140 τριχῶς
902 4047 1041 4131 λέγεται,
1064 4039 1084 4132 ἡ
1099 4045 1196 4108 πάσα
1215 4046 1256 4131 γῆ
1271 4040 1357 4131 πρὸς
