3142 4700
321 318 497 388 Quaestiones
515 319 548 375 de
564 316 728 375 scholiorum
745 317 981 388 Thucydideorum
996 316 1126 373 tontibus.
1238 317 1299 377 105

148 491 239 557 locos
259 495 405 556 ueterum
426 490 615 573 scriptorum
635 488 788 556 laudasse
808 488 961 571 sciamus,
984 488 1070 574 quod
1088 488 1206 557 Suidas
1225 510 1299 558 nus-

150 611 248 674 quam
276 590 366 675 iecit,
396 590 458 657 nisi
487 591 543 656 ubi
570 591 693 656 alienos
721 590 826 658 fontes
856 591 1039 675 exscripsit,
1072 590 1209 657 fortasse
1235 612 1300 660 non

149 691 304 760 audacius
326 711 475 777 agemus,
497 692 526 758 si
546 691 752 758 scholiastam
774 691 949 759 secundum
964 691 1091 759 Aelium
1108 692 1299 778 respexisse,

149 795 288 879 priorem
310 793 517 861 scholiastam
540 813 612 859 enm
634 794 732 877 plane
746 800 890 860 secutum
908 812 978 861 esse
993 793 1201 861 censebimus.
1238 795 1300 861 Ac

149 895 237 963 cedit
252 894 339 978 quod
353 893 441 979 apud
455 894 613 961 'rhomam
627 894 816 979 Magistrum
838 915 869 978 p.
881 899 953 962 407.
969 895 1019 963 ed.
1035 895 1169 962 Ritscbl.
1185 894 1300 963 eadem

149 995 334 1082 explicatio,
351 1015 433 1078 quae
448 995 534 1081 apud
548 997 761 1079 Eustatbium,
775 996 950 1079 inuenitur,
973 994 1084 1063 addito
1099 996 1300 1082 Thucydidis

150 1101 222 1166 loco
245 1095 279 1163 ἐν
300 1100 341 1184 τῇ
363 1095 455 1183 ἕκτῃ,
478 1097 580 1181 unde,
610 1097 696 1180 quod
726 1119 744 1165 0
765 1097 934 1164 Bitschelii
961 1098 1195 1181 prolegomenis
1218 1098 1299 1165 didi·

149 1200 266 1282 cimus,
295 1199 452 1265 Thomam
474 1198 519 1265 ad
546 1199 667 1266 fontem
695 1200 834 1285 priorem
855 1198 991 1266 rediisse
1011 1219 1116 1283 neque
1138 1200 1300 1285 Thucydi·
1394 1275 1396 1285 γ

149 1299 226 1367 dem
252 1300 358 1385 ipsum
385 1301 564 1384 inspexisse
591 1306 736 1386 apparet.
780 1301 902 1368 Scholii
930 1300 1046 1368 menda
1071 1301 1151 1368 mihi
1171 1309 1258 1369 recte
1279 1324 1301 1370 a

149 1402 301 1469 Bekkero
322 1403 356 1467 in
374 1400 475 1468 Suida
496 1422 521 1469 s.
537 1423 567 1468 u.
591 1395 714 1468 ὤνευον
737 1408 769 1470 01
791 1423 812 1469 a
834 1403 1005 1470 Duebnero
1026 1403 1060 1471 in
1082 1403 1222 1472 editione
1244 1406 1300 1473 Di-

149 1502 283 1572 dotiaua
303 1502 452 1570 uidentur
473 1510 614 1571 correcta
636 1523 715 1572 esse.

236 1605 319 1689 Iam,
348 1611 384 1671 ut
404 1624 562 1671 summam
583 1605 753 1693 faciamus,
780 1607 814 1672 in
842 1605 954 1673 decem
976 1607 1027 1672 bis
1049 1607 1128 1673 loeis
1152 1613 1302 1689 quattuor

27 1798 30 1801 Ι
149 1707 324 1788 habemus,
346 1707 401 1788 qui
423 1708 451 1772 si
472 1727 535 1772 non
557 1707 685 1773 omnino
707 1708 831 1791 uerbis,
853 1714 961 1773 tamen
982 1727 1017 1773 re
1031 1708 1105 1791 ipsa
1122 1711 1299 1776 cumscho·

149 1809 202 1874 liis
225 1814 398 1891 congruunt
412 1805 736 1891 (ἐμπαλασσόμενοι,
759 1810 875 1894 κῆπος,
891 1807 1051 1887 πασσυδί,
1069 1802 1214 1894 (dcccco),
1237 1812 1300 1879 duo

150 1909 269 1976 similia
299 1909 460 1977 continent
487 1907 535 1992 (ἐν
555 1911 625 1995 χρῷ
646 1907 763 1997 κουρά,
796 1903 991 1996 addictus),
1019 1909 1062 1976 ad
1083 1909 1240 1988 πελιτνός
1268 1919 1302 1980 et

149 2008 264 2097 μήκων
291 2008 414 2078 scholia
440 2010 612 2101 habemus,
639 2029 723 2093 qnae
751 2011 834 2077 alias
854 2030 907 2077 res
936 2017 1089 2097 tractant,
1117 2012 1160 2079 ad
1182 2012 1301 2099 σιγμός

151 2121 184 2180 et
206 2114 274 2188 σῶς
295 2112 418 2180 scholia
439 2113 568 2179 omnino
590 2112 712 2180 desunt.
757 2112 846 2179 Nihil
868 2112 965 2196 igitur
986 2113 1110 2196 obstat,
1132 2116 1300 2196 quominus

149 2213 341 2281 scholiastae
363 2215 436 2280 Aeli
463 2214 600 2298 Dionysi
622 2214 743 2300 opibus
770 2234 845 2281 usos
873 2233 945 2281 esse
974 2213 1128 2280 dicamus.
1171 2216 1237 2284 Sed
1266 2216 1301 2283 id

152 2333 279 2399 quoque
309 2315 546 2383 concedendum
575 2322 623 2383 est
650 2315 842 2398 scholiastae
864 2313 990 2381 Aelium
1018 2315 1209 2401 Dionysium
1237 2338 1327 2406 nou,

151 2416 196 2483 ad
217 2416 351 2484 uerbum
379 2417 601 2501 exscripsisse,
624 2416 682 2485 sed
703 2436 743 2509 ea
763 2422 888 2482 tantum
910 2416 1123 2501 excerpsisse,
1152 2438 1236 2501 quae
1257 2419 1301 2486 ad

150 2523 277 2583 textum
291 2515 492 2600 Thucydidis
512 2517 783 2602 interpretandum
805 2516 898 2584 utilia
919 2515 1123 2604 uidebantur,
1145 2519 1192 2586 ita
1213 2525 1301 2588 utre

149 2618 225 2702 ipsa
246 2636 320 2682 cum
341 2619 397 2684 illo
419 2619 642 2686 consentirent.

240 2718 319 2786 Oum
347 2721 412 2785 iam
440 2740 538 2805 supra
568 2719 832 2786 affirmauerimus
865 2722 969 2786 fontes
997 2720 1093 2786 Photi
1122 2727 1155 2786 et
1181 2723 1301 2790 Suidae

152 2822 344 2906 principales
372 2821 470 2887 fuisse
498 2822 603 2889 lexica
625 2820 698 2888 Aeli
716 2821 857 2906 'Dionysi
885 2826 918 2887 et
939 2822 1118 2888 Pausaniae
1147 2823 1301 2890 atticista·

153 2944 238 3003 rum,
266 2923 295 2988 si
324 2923 448 2988 scholia
469 2922 680 3007 Thucydidea
708 2942 779 2989 cum
802 2922 917 2988 Pbotio
947 2923 1129 3005 conspirant
1136 2975 1145 3009 ,
1175 2926 1301 2994 etiamsi

153 3028 265 3090 neuter
287 3023 531 3109 lexicograpbus
553 3024 748 3108 nominetur,
770 3024 838 3091 iure
860 3029 968 3091 brnen
988 3022 1032 3088 ad
1053 3025 1239 3092 alterutrum
1262 3048 1302 3095 ea

153 3126 321 3192 referenda
343 3145 414 3192 esse
437 3125 678 3210 suspicabimur.
721 3127 836 3208 Neque
858 3124 974 3192 desunt
998 3128 1163 3211 exempla,
1186 3129 1302 3209 quibus

154 3228 216 3294 hoc
237 3229 397 3313 probetur.

692 3397 765 3476 se.

240 3533 330 3612 Quae
358 3531 423 3595 iam
455 3530 657 3615 appositurus
689 3530 773 3596 bunc
800 3547 918 3610 sequar
945 3526 1104 3613 ordinem,
1137 3535 1172 3597 ut
1199 3533 1302 3617 primo

154 3636 226 3701 loco
247 3653 287 3700 ea
308 3632 441 3699 afferam
463 3632 595 3716 scholia,
618 3651 701 3714 quae
718 3623 887 3707 αὖτολεξεί
901 3628 987 3715 apud
1000 3630 1150 3697 Photium
1165 3639 1302 3717 exstant,

154 3735 272 3802 deinde
295 3739 377 3816 quae
400 3731 635 3816 quodammodo
658 3752 728 3800 cum
749 3732 807 3799 illo
825 3732 1020 3817 conspirant,
1043 3732 1206 3800 adnotatis
1220 3752 1302 3800 sem·

154 3857 213 3923 per
236 3836 349 3903 ceteris
374 3834 572 3918 auctoribus,
599 3835 684 3920 apud
713 3853 793 3916 quos
820 3833 1032 3900 inueniuntur.
1076 3834 1159 3899 'lum
1181 3831 1225 3897 ad
1245 3832 1303 3900 illa

155 3938 280 4004 scholia
307 3935 475 4018 accedam,
504 3953 603 4018 quae,
632 3934 692 4001 etsi
719 3941 850 4020 propter
876 3936 1008 4000 lacunas
1035 3931 1131 3999 lexici
1153 3933 1302 4000 Photiaui

154 4040 243 4125 apud
258 4036 407 4105 Photium
428 4029 493 4102 non
513 4035 671 4118 inuenies,
693 4040 801 4102 tamen
820 4035 1029 4102 atticistarum
1051 4031 1200 4101 uidentur
1221 4054 1301 4118 esse,
