3142 4700
259 306 300 365 72
694 305 829 361 Emestus
846 303 977 377 Schwabe

258 478 313 543 καί
338 477 488 563 ἱστορίαν
510 480 634 564 γνιῦναι
655 476 712 543 καὶ
733 473 868 553 διδάξαι
890 473 1013 552 δεινὸς·
1035 470 1092 541 καὶ
1114 472 1215 560 στήλη
1239 472 1290 553 δὲ,
1314 477 1406 560 φησί,

260 577 392 668 ἕστηκεν
415 577 448 646 ἐν
470 582 510 667 τῇ
526 579 661 665 Κοίλῃ,
671 577 875 664 Θουκυδίδης
885 570 1022 662 Ὀλόρου
1037 571 1270 659 Άλιμοόσιος“
1288 572 1406 656 ἐ’χουσα

260 679 319 747 ἐντί
276 686 463 769 τί.γραμμα
500 681 625 748 Eadem
646 681 713 749 fere
734 681 937 747 inueniuntur
958 683 978 761 6
997 685 1045 745 16.
1056 682 1089 744 66
1103 682 1160 761 ll.²
1182 677 1239 744 ubi
1253 678 1406 744 Polemon

259 780 293 849 έν
321 796 393 862 τοῖς
425 784 503 870 περὶ
539 775 752 869 ἀκροπόλεως
785 783 876 849 testis
905 782 1089 849 aduocatur.
1132 727 1211 847 Iirde
1241 779 1406 863 Antyllum

258 887 362 971 ipsum
380 884 561 953 Polemonis
583 903 663 970 opus
684 884 804 950 adiisse
826 885 1010 968 colligeres,
1032 883 1094 950 nisi
1116 882 1200 949 hanc
1220 881 1367 949 notitiam
1389 901 1407 946 c

259 985 401 1072 Didymo
412 987 516 1071 potrus
527 986 661 1071 petitam
672 1006 743 1054 asse
750 987 1013 1071 paragrapholo
1023 986 1220 1071 probaretur.
1235 985 1408 1050 Praeterea

229 1168 231 1173 ¹
260 1089 302 1156 de
323 1094 392 1156 arte
413 1088 570 1156 rhetorica
593 1096 625 1155 et
651 1087 693 1156 de
714 1088 874 1172 magistris
896 1088 1095 1172 Thucydidis
1120 1087 1274 1154 nonnulla
1294 1085 1404 1170 Antyl-

259 1191 326 1257 lum
347 1190 507 1258 rettulisse
529 1190 680 1258 traditum
698 1196 747 1280 est
761 1212 782 1256 a
797 1190 982 1257 Marcellino
1003 1192 1105 1270 §222
1127 1183 1246 1276 ἤκουσε
1261 1187 1297 1253 δὲ
1313 1187 1410 1279 dedo-U

261 1290 390 1357 σκόλιον
405 1283 625 1379 Ἀναξαγόρου
647 1291 707 1375 μὲν
730 1289 764 1357 ἐν
786 1289 1004 1379 φιλοσόφοις,
1027 1283 1126 1371 ὅθεν,
1150 1293 1254 1378 φησὶν
1267 1281 1407 1355 ’Ἄντυλ-

260 1393 334 1474 λος,
356 1395 413 1459 καὶ
435 1388 540 1471 όθεος
562 1385 668 1481 ήρέμα
690 1390 870 1480 ἐνομίσθη,
900 1395 958 1480 τής
980 1390 1110 1460 ἐκεῖθεν
1131 1398 1282 1480 θεωρίας
1303 1390 1407 1480 ἐμφο-

231 1521 233 1526 ’
261 1499 395 1585 ρηθείς,
418 1488 643 1584 Ἀντιφῶντος
665 1494 701 1561 δὲ
723 1494 862 1583 ῥήτορος
884 1494 994 1562 δεινοῦ
1015 1493 1075 1582 τήν
1090 1492 1264 1584 ῥητορικήν
1280 1486 1408 1582 ἀνδρὸς,

261 1590 300 1664 οὗ
322 1599 378 1664 καλ
399 1601 564 1685 μέμνηται
586 1595 620 1663 έν
641 1599 682 1683 τή
704 1595 734 1685 η’
750 1591 796 1673 ιδς
812 1594 921 1663 αἰτίου
936 1600 995 1685 τής
1008 1596 1219 1675 καταλύσεως
1232 1599 1291 1683 τής
1307 1596 1408 1683 δημο-

260 1704 397 1787 κρατίας
418 1701 475 1766 καὶ
495 1702 563 1787 τής.
576 1701 642 1765 τιῦν
663 1696 692 1763 o‘
715 1696 959 1776 καταστάσεως.
1003 1702 1103 1780 ἓ36.;
1126 1697 1269 1787 ἐζήλωσε
1291 1697 1326 1764 δὲ
1349 1690 1404 1763 ἔτι)

260 1794 388 1886 ὀλίγον,
412 1794 458 1878 ὥς
480 1792 793 1889 φησιν’Ἄντυλλος,
823 1798 961 1878 καὶτὰς
983 1806 1123 1888 Γοργίου
1147 1804 1203 1867 τοῦ
1223 1806 1408 1868 Λεοντίνου
1509 1834 1510 1837 “

260 1901 469 1990 παρισώσεις
490 1905 544 1969 aul
568 1900 628 1980 τὰς
651 1896 843 1980 ἀντιθέσεις
864 1906 931 1970 τῶν
952 1896 1141 1987 ὀνομάτων,
1172 1896 1409 1987 εὐδοκιμούσας

260 1997 334 2070 κατ)
360 2001 465 2070 ἐκεῖνο
486 2007 603 2092 καιροῦ
625 2002 719 2091 παρὰ
739 1998 954 2092 ’τοῖςἝλλησι
969 2006 1024 2071 καὶ
1038 2009 1153 2089 μέντοι
1169 2007 1226 2072 καὶ
1240 2005 1408 2094 Προδίκου

261 2108 320 2172 τοῦ
349 2110 451 2172 Κείου
484 2101 543 2193 τήν
574 2104 632 2172 ἐπὶ
659 2110 731 2185 τοῖς
763 2099 924 2191 ὀνόμασιν
959 2100 1200 2195 όικριβολογίαν.
1245 2109 1297 2175 Ad
1326 2109 1410 2175 hunc

260 2207 439 2275 Marcellini
460 2210 565 2275 locum
580 2209 700 2294 optime
715 2208 915 2300 Goslingsius
929 2231 959 2294 p.
977 2215 1027 2277 54.
1043 2210 1175 2277 contulit
1197 2210 1297 2277 schol.
1314 2216 1344 2277 2.
1365 2209 1410 2276 ad

261 2307 362 2377 Thuc.
369 2308 422 2377 IV.
432 2314 515 2377 135.:
532 2307 641 2377 ἰστέον
652 2302 706 2378 ότι
716 2309 764 2389 είς
775 2309 813 2377 τδ
826 2308 960 2395 κομψὸν
969 2314 1028 2399 τής
1040 2310 1196 2400 φράσεως
1205 2311 1409 2401 Θουκυδίδης

260 2409 432 2492 Αἰσχύλον
449 2413 505 2477 καὶ
519 2412 691 2500 Πίνδαρον
713 2411 914 2501 έμιμήσατο,
938 2411 986 2490 εἰς
1008 2412 1044 2479 δὲ
1065 2411 1102 2479 τὸ
1126 2412 1262 2499 γόνιμον
1276 2417 1342 2480 τῶν
1358 2412 1410 2481 ἒν-

261 2511 469 2600 θυμημάτων
483 2510 541 2579 τὸν
556 2512 675 2581 ἑαυτοῦ
690 2514 889 2582 διδάσκαλον
900 2508 1119 2603 Ἀντιφῶντα,
1135 2514 1191 2594 εἷς
1198 2516 1234 2583 δὲ
1248 2513 1307 2604 τήν
1323 2515 1410 2595 λέξιν

261 2613 445 2700 Πρόδικον,
468 2609 552 2682 ὅθεν
573 2640 615 2681 κα
617 2616 761 2704 1Πρσδί
761 2641 819 2683 κου
842 2616 946 2695 λέξεις
968 2616 1002 2684 έν
1023 2622 1071 2703 τῴ
1091 2623 1231 2704 κειμένῳ
1254 2618 1409 2705 σημειού-
1506 2619 1509 2622 ’

260 2719 370 2799 μεθα,
393 2715 448 2794 εἰς
464 2715 556 2783 δὲ
521 2742 559 2783 το
583 2716 747 2803 γνωμικὸν
774 2716 899 2795 τοὺς..
874 2716 1117 2807 Σωκρατικοδς,
1147 2713 1272 2807 Εόριντί
1274 2720 1333 2809 δην
1354 2746 1409 2787 και

260 2813 338 2894 τοὺς
361 2811 480 2938 όλλρυς
503 2818 646 2904 (τοῖς
609 2844 671 2908 γαρ
695 2812 805 2897 αι’ντοῑς
823 2819 956 2909 χρόνοις
978 2808 1092 2910 ήσαν),
1116 2819 1164 2899 εἰς
1187 2820 1279 2887 δὲ
1243 2848 1303 2911 την
1321 2822 1410 2889 οἰκο-

262 2943 324 3003 νομ
313 2924 381 2986 ιίαν
402 2918 460 2987 τὸν
482 2920 641 3009 ποιητήν,
670 2922 757 3005 quod
785 2944 826 2989 ex
847 2923 972 3008 Antylli
1000 2924 1227 2991 commentario
1248 2934 1409 3011 sumptum

262 3040 334 3089 asse
362 3021 525 3089 contendit
552 3044 631 3108 prop
632 3029 681 3090 ter
632 3024 809 3092 tuerba
830 3015 913 3089 ὅθεν
935 3026 998 3099 ,καὶ
1027 3023 1087 3102 τὰς
1109 3025 1279 3111 Προδίκου
1306 3026 1410 3104 λέξεις

263 3119 297 3188 ἓν
318 3125 367 3208 τῷ
389 3126 527 3209 κειμένην
543 3124 784 3212 σημειούμεθα.
821 3125 872 3191 Ex
894 3126 1007 3195 eodum
1028 3128 1149 3194 scholio
1172 3127 1258 3195 haud
1279 3129 1345 3195 scic
1367 3150 1410 3196 an

261 3231 347 3293 recte
357 3226 523 3311 colligatur
532 3232 633 3295 totum
643 3228 822 3295 Marcellini
835 3229 1125 3310 locum§35.—37.
1137 3231 1268 3312 Antyllo
1281 3230 1407 3315 deberi3

262 3326 290 3392 si
312 3327 397 3394 enim
412 3326 613 3415 Goslingsius
627 3335 713 3397 recte
728 3328 872 3396 scholion
885 3331 1018 3414 Antyllo
1041 3332 1194 3414 restituit,
1217 3334 1320 3417 prima
1342 3354 1408 3400 ma·
1515 3352 1520 3361 ·

262 3428 348 3494 xima
370 3432 403 3495 66
424 3436 567 3497 extrema
588 3432 675 3499 illius
697 3431 797 3499 uerba
815 3451 914 3514 urgeo
937 3430 1046 3498 ἰστέον
1068 3425 1122 3500 ὅτι
1144 3431 1192 3511 εἰς
1213 3430 1251 3499 τὸ
1274 3433 1408 3520 κομψὸν

259 3530 319 3615 τῆς
347 3526 503 3616 φράσεως
524 3528 709 3620 ἐμιμήσατο
734 3531 938 3620 Θουκυδίδης
959 3532 1130 3615 Αίοχύλον
1158 3537 1215 3601 καὶ
1236 3536 1408 3621 Πίνδαρον

261 3679 356 3696 .....
372 3627 420 3707 εἷς
436 3629 546 3719 δὲτὴν
562 3632 753 3718 οἰκονομίαν
769 3632 828 3699 τὸν
842 3634 996 3722 ποιητήν,
1019 3637 1206 3718 quibuscum
1221 3640 1319 3706 uelim
1334 3660 1407 3707 con·

260 3731 345 3799 faras
359 3732 460 3799 narba
473 3734 651 3803 Marcellini
672 3739 693 3818 ξ
708 3741 776 3804 35·
799 3734 944 3824 ζηλωτής
966 3735 1002 3802 δὲ
1020 3740 1150 3822 γέγονεν
1165 3735 1182 3804 δ
1202 3740 1407 3830 Θουκυδίδης

261 3831 309 3909 εἰς
330 3830 448 3917 μὲν
411 3858 472 3920 την
492 3834 683 3920 οἰκονομίαν
695 3832 854 3926 Ομήρου,
877 3838 1049 3928 Πινδάρου
1072 3839 1160 3906 δὲ
1130 3865 1179 3918 εις
1201 3840 1239 3908 τὸ
1262 3845 1407 3928 μεγαλο-

261 3937 343 4020 φυές
365 3935 432 4001 κτλ.
454 3943 487 4002 66
507 3939 609 4017 §ate
635 3963 676 4021 ιι
674 3937 783 4005 λιστα
806 3939 842 4005 δὲ
864 3939 1017 4023 κιόντων,
1044 3933 1130 4030 όντερ
1154 3942 1310 4030 εἴπομεν,
1333 3943 1407 4032 εζή-

262 4035 367 4101 λωοεν
381 4016 528 4125 Ομηρον
550 4040 616 4105 κτλ.
660 4041 776 4126 Quae,
790 4043 853 4111 nisi
874 4045 1002 4128 egregie
1021 4045 1126 4129 t'allor,
1148 4045 1253 4113 eidem
1274 4048 1408 4132 Antyllo
