3142 4700
352 319 529 387 Quaestiones
547 319 580 374 de
597 319 760 376 scholiorum
778 320 1013 391 Thucydideorum
1029 321 1158 377 lontibus.
1288 286 1328 380 73

182 491 394 580 adscribenda
421 498 510 576 sunt,
544 511 616 559 cum
646 492 791 561 scholion
821 494 930 561 omnia
959 493 1018 560 illa
1048 492 1177 559 nomina
1205 494 1329 561 afferat.

181 595 353 662 Praeterea
373 596 524 681 Antyllus
544 596 633 662 nullo
654 597 725 662 loco
748 595 907 663 laudatur.

266 696 521 764 Commentarius
542 698 666 783 Antylli
695 702 745 764 ter
772 699 806 764 in
835 697 965 766 scholiis
987 702 1252 765 commemoratur
1271 698 1329 780 III,

181 802 233 865 95.
255 799 309 881 IV,
334 802 382 865 19.
395 803 456 867 28.
501 800 635 867 Duobus
662 800 741 887 locis
768 801 816 867 ita
844 799 1008 867 adhibitus
1037 805 1101 885 est,
1131 806 1166 866 ut
1193 800 1330 866 alterum
1405 800 1410 813 '

181 901 326 967 scholion
349 902 417 968 eius
439 901 687 988 explicationem
708 902 847 969 auctoris
869 903 996 970 nomine
1010 923 1075 989 non
1090 901 1201 968 addito
1216 921 1329 984 sequa·

182 1009 247 1088 tur,
270 1003 406 1069 alterum
421 1004 587 1089 Antyllum
601 1004 789 1071 nominatim
804 1003 1026 1090 reprehendat.
1064 1004 1155 1099 Alter
1175 1004 1266 1069 loeus
1281 1011 1330 1069 est

157 1106 237 1187 7111,
253 1108 319 1171 95η
343 1098 425 1193 ἄρας
442 1090 550 1192 ooo]
533 1130 551 1171 o
575 1130 633 1172 ονν
655 1104 838 1190 σύνδεσμος
859 1104 1016 1194 περιττός
1038 1096 1138 1171 ἐστιν.
1161 1103 1247 1192 ντρὸς
1268 1103 1329 1193 γὰρ

180 1203 218 1272 τὸ
244 1231 313 1272 cam
342 1202 509 1288 ἐστ1ν,,ο
541 1206 577 1273 δὲ
599 1210 665 1274 τῶν
687 1213 892 1296 Μεσσηνίων
910 1207 1023 1295 χάριτι
1044 1210 1218 1288 πεισθείς,
1247 1201 1331 1293 ἄρας

83 1340 89 1353 ’
182 1303 256 1376 ἀλλ’
283 1309 358 1377 ἐπεὶ
379 1307 435 1376 διὰ
457 1312 585 1396 μακροῦ
608 1301 852 1410 ἆνταιτέόωκεν,
877 1307 933 1376 διὰ
955 1313 1052 1377 τοῦτο
1074 1335 1133 1376 τον
1148 1308 1331 1393 σννόεσμον
1422 1332 1424 1336 ’

181 1414 380 1500 παρέλαβεν.
405 1405 634 1495 ’ᾅἈλλιιιςί
617 1438 635 1478 o
659 1398 717 1479 οὗν
746 1411 945 1496 σύνδεσμος,
974 1411 1005 1478 εἰ
1027 1413 1082 1478 καλ
1104 1409 1261 1497 περιττὸς
1282 1415 1340 1497 coi-

181 1509 346 1602 Ἀντύλλῳ
362 1514 460 1595 δοκεῖ,
489 1511 551 1601 ἐγώ
574 1512 664 1580 πάνυ
680 1506 867 1602 ἀναγκαίως
882 1516 965 1600 λέγω
980 1519 1205 1603 apostatentur
1220 1506 1330 1598 αὐτόν,

181 1618 240 1705 τὴν
260 1614 383 1705 βουλὴν
404 1613 467 1702 γὰρ
490 1613 596 1682 cimba
619 1614 765 1705 ἐπήγαγε
787 1615 847 1704 τὴν
869 1616 1009 1704 πρᾶξιν,
1032 1612 1078 1694 ὥς
1101 1606 1141 1682 du
1164 1615 1194 1681 εἰ
1211 1614 1331 1700 ἔλεγεν

181 1713 320 1801 ,,οῧκουν
332 1717 539 1805 ἐνθυμηθεὶς
550 1716 712 1805 ἔπραττεν
727 1712 812 1807 ὅπερ
825 1716 1051 1806 ἓνεθνμήθηῆ
1078 1720 1154 1785 Pari
1169 1718 1264 1785 modo
1279 1739 1331 1786 res

182 1840 218 1889 se
240 1821 339 1887 habet
359 1822 413 1906 Ν,
431 1824 479 1888 19.
523 1820 590 1889 Sed
611 1841 717 1905 neque
739 1842 759 1888 e
786 1821 866 1889 locis
888 1821 1066 1889 Marcellini
1094 1841 1191 1906 supra
1221 1820 1329 1887 allatis

181 1942 287 2006 neque
309 1944 327 1991 e
348 1922 495 2007 scholiis,
525 1943 608 2007 quae
629 1924 761 2005 Antyllo
791 1923 962 2005 dehemus,
993 1923 1098 2006 qualis
1125 1922 1207 1989 ratio
1237 1922 1331 1988 huius

182 2024 402 2093 commentarii
423 2026 533 2110 fuerit,
555 2026 706 2111 colligere
721 2045 899 2112 possumus.
936 2025 1137 2109 (ioslingsius
1158 2026 1180 2091 l.
1192 2026 1214 2092 l.
1230 2024 1328 2110 respi-

182 2128 269 2194 ciens
283 2125 461 2193 Marcellini
483 2128 719 2213 paragraphum
735 2132 785 2194 36.
809 2129 906 2195 etiam
928 2149 967 2196 es
987 2127 1124 2212 scholia,
1148 2146 1232 2210 quae
1254 2132 1328 2194 sunt

183 2230 231 2296 de·
251 2228 362 2310 figuris
383 2227 552 2312 Gorgianis
567 2229 597 2309 I,
621 2233 650 2296 2.
683 2225 703 2317 ἦ
733 2233 789 2296 νῦν
807 2225 923 2307 Ἑλλάς
952 2232 1035 2315 etl,
1062 2235 1130 2296 144.
1159 2227 1271 2315 γνώμῃ
1293 2252 1331 2294 τε

183 2330 316 2397 πλείονι
336 2319 358 2419 ἢ
379 2333 488 2418 τέχνῃ,
510 2331 718 2416 grammatico
739 2332 789 2400 illi
811 2332 950 2400 tribuere
971 2332 1088 2415 uoluit,
1118 2351 1201 2415 quae
1223 2330 1330 2417 opinio

183 2453 377 2518 quamquam
399 2433 477 2501 satis
492 2433 669 2517 probabilis
684 2433 818 2518 uidetur,
840 2442 949 2502 tamen
968 2433 1141 2501 dolendum
1162 2438 1220 2515 est,
1244 2432 1329 2514 quod

183 2537 272 2602 locos
293 2540 432 2616 ceteros,
454 2534 511 2600 uhi
525 2533 646 2618 figurae
661 2535 843 2619 Gorgianae
864 2537 898 2603 in
917 2536 1048 2603 scholiis
1063 2541 1221 2621 notantur,
1242 2555 1329 2620 pror·
1452 2554 1455 2565 ·

183 2657 238 2704 sus
260 2635 381 2719 omisit,
404 2635 541 2702 fortasse
562 2657 602 2703 ea
623 2657 658 2704 re
680 2646 870 2723 commotus,
893 2639 979 2723 quod
994 2638 1152 2705 uocabula
1165 2633 1203 2702 τὸ
1221 2640 1347 2724 σχῆμα

77 2739 81 2744 ’
183 2743 355 2826 Γοργίειον
380 2737 427 2804 ibi
455 2735 578 2804 desunt.
592 2737 616 2821 ¹)
658 2739 750 2806 Alias
777 2740 950 2826 opiniones,
972 2741 1013 2807 de
1035 2741 1168 2825 Antyllo
1196 2739 1329 2821 eiusque

182 2843 265 2909 libro
287 2860 350 2908 non
372 2839 512 2926 protulit.
552 2840 784 2908 Doherentzius
805 2863 883 2910 uero
904 2864 935 2928 p.
952 2846 1054 2909 5.-8.
1078 2842 1166 2908 miris
1187 2839 1330 2907 artificiis

62 3008 69 3014 .
120 2987 134 3006 ·.
183 2944 401 3011 demonstrare
419 2948 551 3009 conatus
573 2949 622 3010 est
644 2943 763 3027 ubique
777 2944 900 3027 Antylli
922 2963 1037 3011 nomen
1060 2942 1240 3028 inDidymi
1261 2964 1330 3010 mu·

181 3045 314 3112 tandum
336 3063 417 3111 esse.
455 3043 546 3123 Quae
571 3046 678 3131 opinio
701 3063 776 3113 eum¹
795 3067 899 3130 neque
921 3048 987 3114 ullo
1002 3045 1121 3113 nitatur
1135 3051 1221 3112 certo
1236 3063 1328 3126 argu·

182 3154 287 3214 mento
310 3153 342 3214 et
364 3145 484 3213 Suidae
510 3147 692 3215 testimonio
719 3156 890 3234 repugnet,
913 3148 1011 3232 dignu
1034 3147 1161 3215 omnino
1184 3167 1247 3214 non
1270 3153 1329 3230 est,

182 3250 223 3316 de
245 3269 310 3333 qua
331 3248 517 3332 disputetur.
528 3247 554 3331 ²)

266 3350 357 3418 Alter
377 3349 621 3434 grammaticus,
650 3369 745 3433 quem
768 3352 1029 3418 commentarium
1050 3351 1084 3417 in
1106 3349 1329 3435 Thucydidem

181 3450 408 3536 conscripsisse
440 3453 557 3520 scimus
564 3503 573 3538 ,
606 3453 701 3536 uolgo
733 3441 1009 3538 Asclepiades
1042 3452 1231 3519 nominatur.
1273 3451 1329 3519 Bis

269 3656 292 3719 r)
308 3653 330 3716 1,
348 3656 684 3711 annumerasse.
705 3653 755 3721 111,
767 3659 790 3710 r.
809 3657 860 3709 etc.

267 3742 293 3803 2)
310 3736 417 3793 Nomen
434 3737 535 3808 Antylli
558 3753 696 3809 nunquam
719 3739 777 3795 fere
795 3740 824 3794 in
846 3738 943 3794 litteris
960 3738 1065 3807 graecis
1083 3737 1206 3793 recurrit.
1242 3735 1328 3790 Noui·

180 3839 241 3878 mus
264 3820 370 3893 quidem
391 3836 427 3874 ex
448 3821 546 3877 Athen.
565 3823 614 3878 111.
636 3841 663 3893 p.
678 3830 735 3880 108.
753 3824 786 3892 Ο,
807 3829 863 3879 118.
882 3824 906 3878 E
929 3823 1080 3879 Nicostrati
1103 3823 1162 3877 siue
1183 3821 1330 3876 Philetaeri

182 3908 315 3973 tabulam,
339 3906 383 3961 cui
405 3920 503 3960 nomen
525 3907 639 3962 inditum
662 3905 889 3975 θιιιἌντυλλοι,
911 3909 989 3964 cuius
1012 3907 1122 3963 tabulae
1146 3907 1225 3974 quale
1246 3905 1330 3960 luerit

181 3997 376 4062 argumentum,
394 3991 509 4045 etribus
521 3990 678 4060 fragmentis
690 3993 808 4048 diuinari
819 4012 874 4050 non
885 4000 983 4064 potest.
1010 3993 1156 4048 Praeterea
1167 3991 1220 4047 hoo
1232 4006 1329 4046 nomen

181 4078 312 4135 hahemus
329 4075 358 4131 in
375 4074 456 4131 titulo
475 4075 564 4133 38411.
583 4076 645 4133 add.
