3142 4700
259 298 320 358 106
685 296 820 354 Ernestus
837 295 967 353 Schwabe

260 473 336 557 quia
362 469 450 555 apud
479 468 764 555 Harpocrationem
798 474 854 535 aut
880 467 1077 551 Hesychium
1107 474 1163 536 aut
1192 467 1326 541 Suidam
1355 478 1411 538 aut

259 572 346 658 apud
367 571 450 639 alios
471 568 719 654 lexicographos
740 570 795 637 uel
816 568 1006 637 scholiastes
1027 570 1246 654 inueniuntur,
1275 590 1409 654 qnorum

259 693 416 744 conexum
437 691 509 739 cnm
537 670 747 738 atticistarnm
769 669 883 737 lexicis
905 671 1029 755 Naber,
1051 672 1235 757 Boysenus,
1266 673 1323 740 alii
1343 673 1410 741 iam

258 775 383 860 pridem
414 773 720 841 demonstraucrunt.
764 770 899 854 Singula
926 792 991 840 non
1021 771 1065 839 ad
1086 773 1226 859 capitum
1248 775 1408 861 Thucydi·

259 878 402 959 deorum,
424 872 484 942 sed
505 873 549 940 ad
571 873 746 940 litterarum
769 871 913 940 ordinem
935 875 1134 942 enumeranti
1156 876 1235 942 mihi
1256 876 1291 943 id
1308 878 1410 944 consi·

259 979 338 1046 lium
353 977 423 1060 fuit,
445 983 481 1042 ut
495 979 596 1043 totum
612 975 673 1041 hoc
688 980 784 1058 caput
799 981 831 1039 et
845 975 1001 1042 rationem
1015 976 1198 1060 illustraret,
1222 996 1287 1059 qua
1303 980 1411 1046 lexica

258 1082 318 1148 illa
346 1077 562 1146 eruditissima
590 1095 631 1141 ex
660 1081 884 1160 excerptorum
913 1076 1053 1145 tenebris
1079 1078 1113 1146 in
1142 1079 1243 1145 lucem
1266 1081 1411 1147 reuocari

258 1189 400 1269 possent,
423 1184 454 1245 et
475 1185 511 1246 ut
532 1180 655 1245 tuturus
677 1177 888 1245 atticistarum
909 1178 1013 1246 editor
1034 1179 1163 1246 auxiliis
1185 1180 1304 1246 iamin
1326 1180 1411 1248 ordi-

259 1303 334 1351 nem
356 1280 474 1350 coactis
496 1280 542 1346 uti
564 1286 688 1365 posset3
711 1279 850 1346 indicem
872 1300 948 1348 nero
971 1279 1128 1364 omnium,
1159 1301 1240 1362 quas
1260 1284 1410 1350 tractaui-

119 1371 124 1381 ’
259 1405 347 1468 ιιιιιε,
369 1385 548 1468 glossarum
570 1383 629 1449 suh
652 1382 740 1448 calce
763 1381 857 1449 huius
879 1382 981 1448 libelli
1003 1380 1131 1448 addam

345 1486 424 1551 Tria
446 1489 519 1550 sunt
541 1484 680 1561 scholia,
710 1502 843 1565 quorum
872 1503 936 1549 non
957 1502 1069 1550 sensus
1091 1484 1202 1566 modo,
1230 1483 1289 1552 sed
1310 1487 1413 1554 uerba

226 1627 229 1631 ·
260 1589 357 1659 etiam
379 1604 508 1672 prorsus
531 1606 602 1652 curn
623 1583 720 1652 Photi
740 1584 849 1653 uerbis
870 1576 1053 1652 concinunt:

345 1687 453 1757 Schol.
468 1687 568 1754 Thuc.
580 1688 604 1754 I.
620 1691 690 1752 120.
706 1692 738 1753 et
751 1686 845 1753 Phoc
867 1704 893 1752 s
908 1707 938 1752 ιι.
963 1709 1002 1752 εν
1015 1684 1237 1810 ριαρασχόν·
1261 1677 1333 1753 ἀντὶ
1350 1691 1413 1754 τοῦ

260 1787 500 1878 παρασχόντος.
524 1788 624 1876 δῆλον
645 1787 681 1853 δὲ
702 1811 761 1854 τον
748 1788 835 1853 dol
822 1793 950 1871 λ,μονος
974 1811 991 1853 ο
1010 1785 1083 1854 ἐστι
1099 1813 1159 1853 τον
1145 1787 1412 1876 δωρησαμένου

260 1892 319 1981 τὴν
342 1896 442 1978 νλ.κην
486 1890 577 1956 Nihil
598 1890 709 1975 refert,
732 1890 819 1975 quod
841 1888 978 1955 eandem
1002 1889 1144 1975 glossam
1166 1891 1254 1975 apud
1275 1890 1413 1960 Suidam

259 1993 455 2076 inuenimus,
483 2011 554 2058 cnm
582 1991 639 2059 illo
667 1998 723 2058 aut
750 1990 883 2057 scholiis
910 1997 966 2057 aut
993 1990 1058 2058 alio
1084 1992 1167 2058 libro
1196 2012 1270 2060 usus
1292 1994 1349 2076 sit,
1378 2002 1414 2062 et

260 2093 402 2163 maxima
416 2111 521 2159 essem
535 2092 570 2158 in
585 2091 790 2176 difficultate,
813 2092 972 2174 quomodo
993 2092 1184 2159 sententiam
1199 2113 1322 2179 meam,
1345 2115 1413 2179 qua

260 2197 409 2264 Photium
424 2192 556 2261 scholiis
570 2191 791 2278 Thucydiden
805 2212 868 2261 non
890 2211 962 2270 esse
982 2212 1074 2261 usum
1090 2194 1172 2279 dixi,
1195 2195 1413 2282 defenderem,

260 2298 323 2367 nisi
351 2302 547 2366 succurreret
580 2292 719 2383 σολλογίγ
750 2293 870 2373 λέξεων
891 2300 1073 2384 γρησλμων
1100 2296 1188 2382 apud
1203 2299 1412 2367 -Bachmann

260 2401 382 2468 Anccd.
393 2403 417 2467 Ι.
429 2421 459 2484 p.
472 2403 545 2481 241,
560 2402 618 2483 12,
641 2397 696 2464 uhi
717 2396 831 2465 eadem
852 2398 963 2481 glossa
984 2399 1128 2466 occurrit.
1170 2400 1305 2468 Constat
1326 2402 1414 2469 enim

260 2503 388 2570 lexicon
402 2498 699 2567 Bachmannianum
721 2491 947 2568 adnotationes
968 2500 1248 2585 grammaticorum
1265 2502 1308 2568 ad
1323 2503 1413 2568 'Phu-

262 2601 413 2688 cydidem
446 2601 641 2687 pertinentes
670 2600 847 2684 continere,
881 2620 964 2683 quae
993 2602 1036 2666 ad
1064 2603 1191 2670 Aelium
1219 2604 1414 2688 Dionysium

261 2711 295 2772 et
321 2701 516 2781 Pausaniam
544 2701 731 2769 referendae
757 2706 845 2784 sunt,
879 2703 918 2769 cf.
946 2703 1069 2771 Naheri
1096 2705 1220 2789 Proleg.
1249 2704 1293 2771 ed
1317 2704 1413 2773 Phot.
1484 2704 1490 2710 '

186 2880 190 2886 ,
261 2827 293 2891 p.
309 2809 378 2872 130.
390 2822 471 2888 sqq,
493 2803 553 2869 sed
574 2803 698 2871 scholia
712 2802 925 2888 Thucydidea
938 2805 1028 2871 nulla
1042 2805 1183 2873 exhibet.
1220 2807 1333 2889 Itaque
1347 2826 1416 2874 non

262 2906 390 2988 dubito,
424 2905 500 2989 quin
529 2910 562 2969 et
591 2905 765 2972 scholiasta
793 2912 826 2971 ct
847 2905 980 2972 Photius
1007 2925 1033 2971 s.
1050 2926 1079 2973 n.
1109 2927 1151 2973 ex
1181 2908 1295 2975 eodem
1324 2909 1415 2976 fonte

262 3006 434 3088 hauserint,
456 3005 478 3071 i.
493 3026 521 3071 e.
543 3025 584 3071 ex
606 3006 815 3072 atticistarum
838 3004 960 3072 lexicis.

347 3110 428 3175 Item
450 3105 598 3173 dubitare
619 3106 755 3190 poteris,
777 3112 883 3173 utrum
902 3108 1052 3175 Photium
1074 3108 1219 3177 hausisse
1241 3131 1260 3177 e
1281 3110 1414 3179 scholiis

261 3206 482 3294 Thucydideis
504 3207 671 3275 credamus
693 3226 794 3275 necne
817 3210 934 3276 collato
956 3208 1078 3277 scholio
1099 3209 1141 3286 ad
1156 3212 1257 3279 Thnc.
1268 3213 1293 3278 Ι.
1308 3216 1358 3276 50.
1378 3218 1415 3279 et

260 3312 392 3379 Photio:
422 3307 612 3396 πρύμναν
636 3307 867 3395 ἐκρούοντο.
900 3308 1053 3398 πρύμναν
1074 3309 1259 3398 αρούεσθαλ
1280 3310 1413 3379 ἔστιτὸ

261 3403 335 3476 κατ’
357 3404 469 3496 ὀλίγον
492 3402 673 3498 ἀναχωρεῖν
694 3408 739 3498 μὴ
764 3415 955 3498 στρέψαντα
977 3411 1014 3478 τὸ
1039 3413 1170 3480 πλοῖον.
1192 3409 1209 3480 ὁ
1228 3412 1291 3501 γὰρ
1307 3407 1416 3493 οὕτως

263 3509 441 3598 ἀναχωρῶν
457 3509 516 3578 ἐπὶ
529 3510 589 3599 τὴν
604 3511 757 3599 πρύμναν
771 3516 973 3601 κωπηλατεῖ.
995 3517 1094 3580 τοῦτο
1116 3514 1152 3580 δὲ
1166 3519 1333 3597 ποιοῦσιν,
1355 3516 1416 3583 ἵνα

263 3611 387 3691 δόξωσι
407 3610 452 3700 μὴ
476 3617 628 3700 φανερῶς
650 3613 783 3701 φεύγειν
807 3607 893 3681 οὕτω
916 3609 990 3682 κατ’
1020 3608 1133 3701 ὀλίγον
1155 3612 1367 3698 ὗσανιόντες,
1391 3608 1415 3707 ἢ

262 3716 319 3783 ἵνα
345 3710 388 3797 μὶ
419 3710 461 3779 τὰ
490 3715 579 3779 νῶτα
599 3727 672 3791 τοῖς
700 3716 877 3799 πολεμίοις
906 3714 1019 3793 δόντες
1046 3718 1128 3805 ῥᾷον
1154 3718 1414 3807 τιτρώσκωνται.

263 3817 342 3884 Onm
370 3816 491 3883 nullum
518 3821 645 3900 practer
672 3816 807 3884 Suidam
837 3818 992 3896 auxilium
1021 3819 1219 3906 suppeditet,
1252 3821 1313 3890 hoc
1341 3823 1415 3891 loco

262 3919 364 3985 maior
385 3918 483 3986 etiam
505 3921 589 3984 esset
610 3916 796 4001 difficultas,
818 3919 879 3986 nisi
901 3939 959 3987 sex
981 3921 1059 3988 locis
1082 3919 1297 4007 discrepantia
1313 3922 1415 4007 scrip-

263 4024 354 4085 turae
387 4023 543 4103 exstaret3
576 4037 651 4084 uam
679 4018 812 4087 Photius
844 4028 877 4088 et
906 4020 1023 4088 Suidas
1055 4024 1285 4092 consentientes
1314 4025 1417 4091 hasce
