3142 4700
230 261 289 321 118
661 258 796 313 Ernestus
814 255 944 312 Schwabe

227 434 304 503 toris
318 431 502 519 posterioris
517 429 587 514 (qui
600 431 733 499 subesse
747 428 906 514 putandus
921 433 970 494 est
986 433 1113 513 propter
1127 421 1272 494 uocemri
1289 431 1376 493 Καῖ-

231 534 307 619 σαρ)
324 535 357 601 in
372 535 581 601 atticistarum
602 533 733 617 lexicis,
754 530 840 599 unde
861 532 1001 616 glossam
1024 529 1146 614 hausit,
1169 528 1340 596 exstitisse.

312 635 499 702 Manifestos
528 643 690 720 auctores,
718 633 877 701 atticistas
905 632 993 716 dico,
1022 632 1122 699 habet
1148 630 1282 697 Photius
1303 651 1328 697 e.
1344 651 1375 699 u.

228 750 479 825 προςηεροῖς·
502 732 637 821 ὁμοίας,
662 756 744 819 quae
759 737 869 819 glossa
883 734 1018 802 occurrit
1032 739 1064 802 et
1078 733 1167 819 apud
1180 733 1376 819 Hesychium

228 847 261 908 et
288 839 375 926 apud
398 839 545 907 Suidam:
582 850 783 926 cccccccccc
804 836 920 924 κόρας·
954 831 1073 920 ὁμοίας
1096 828 1244 923 ἀλλήλων
1266 833 1375 920 κόρας.

108 1024 111 1030 ¹
229 945 332 1009 Locus
347 941 590 1026 Thucydideus,
614 960 708 1023 quem
729 940 853 1022 habeo,
876 938 1012 1006 eandem
1034 939 1168 1024 praebet
1189 936 1376 1023 explicatio-

229 1065 316 1111 nem:
338 1042 544 1132 προςφερής’
567 1037 670 1125 ὁμοία
691 1042 790 1108 schol.
800 1042 826 1107 Ι.
840 1046 889 1107 49.

312 1148 350 1213 In
373 1145 492 1212 scholio
509 1144 610 1210 Thuc.
625 1145 649 1209 Ι.
669 1147 753 1209 134.;
777 1140 810 1209 ἓν
832 1145 880 1228 τῷ
901 1144 1250 1228 προτεμενίοματι]
1273 1138 1306 1205 ἐν
1327 1143 1377 1226 cpi

229 1248 443 1332 προπυλαίῳ.
466 1249 486 1328 ἓ
508 1243 542 1311 ἐν
557 1248 605 1331 ccii
620 1243 685 1332 πρὸ
701 1248 762 1310 τοῦ
778 1245 868 1332 ἱεροῦ
889 1248 1097 1331 προαστείῳ,
1122 1242 1255 1310 eandem
1278 1243 1377 1311 habe·

230 1369 300 1416 mus
322 1348 581 1434 explicationem,
605 1366 688 1429 quae
709 1348 868 1414 inuenitur
888 1346 975 1432 apud
989 1346 1148 1428 Photium‚
1170 1344 1378 1430 Hesychium‚

231 1451 362 1519 Suidam
384 1454 693 1536 προτεμενίοματα·
716 1447 913 1534 προπύλαια
934 1438 955 1536 ἢ
976 1446 1172 1533 προάστεια.
1209 1446 1323 1513 Mirum
1345 1448 1379 1512 in

231 1553 360 1621 modum
382 1553 562 1638 corruptela
578 1550 736 1634 quaedam
752 1551 895 1634 Hesychi
908 1552 951 1634 gl.
964 1554 1009 1616 2.:
1032 1553 1281 1636 προτενίοματα
1302 1569 1377 1616 con·

230 1656 318 1723 uenit
340 1676 411 1723 cum
433 1653 548 1721 mendo
570 1653 685 1720 eodem
705 1654 739 1719 in
760 1653 881 1720 scholio
896 1651 1071 1720 Patmiensi
1092 1651 1136 1718 ad
1157 1651 1241 1718 hunc
1262 1652 1379 1736 locum,

231 1757 286 1825 ubi
316 1756 432 1824 habes:
468 1758 691 1843 προτένιομα·
726 1749 834 1841 ὁπρὸ
863 1758 923 1821 τοῦ
954 1754 1044 1841 ἱεροῦ
1065 1755 1121 1819 καί
1142 1755 1202 1818 τοῦ
1222 1756 1379 1836 τεμένους

233 1856 322 1945 ἱερὸς
349 1857 470 1938 τόπος,
499 1857 584 1925 unde
611 1857 696 1924 hunc
723 1876 862 1924 errorem
889 1858 1093 1924 ueterrimum
1120 1876 1192 1924 esse
1213 1856 1378 1924 concludo.

232 1960 358 2027 Etenim
386 1961 414 2027 si
435 1961 540 2027 nullus
568 1959 649 2026 inter
670 1961 729 2026 has
751 1961 877 2044 glossas
899 1966 1162 2045 commeasset,
1191 1958 1270 2024 miro
1292 1964 1378 2024 certe

233 2061 328 2128 modo
349 2063 468 2129 factum
490 2068 591 2146 esset,
611 2066 655 2151 ut
677 2068 709 2128 et
730 2060 911 2145 Hesychius
939 2067 970 2127 et
992 2061 1165 2128 scholiasta
1186 2060 1379 2127 Patmiensis

232 2164 265 2231 in
292 2162 437 2230 eiusdem
469 2162 532 2230 loci
560 2163 772 2248 explicatione
800 2162 833 2228 in
861 2162 995 2230 eundem
1024 2183 1163 2231 errorem
1191 2162 1378 2231 inciderent.

233 2265 350 2332 Verum
371 2265 435 2331 iam
457 2265 576 2332 fontem
606 2284 805 2332 communem
827 2265 888 2332 hac
915 2268 1040 2332 macula
1060 2265 1259 2348 inquinatum
1280 2263 1379 2331 fuisse

232 2368 407 2453 putandum
430 2356 492 2453 est,
521 2374 554 2435 et
581 2368 761 2452 Hesychius
783 2375 850 2434 tam
876 2368 1050 2453 insipidum
1078 2389 1114 2436 se
1141 2368 1314 2453 praestitit,
1343 2373 1381 2434 ut

234 2468 369 2536 eandem
389 2471 530 2554 glossam
553 2477 691 2537 streete
714 2477 747 2538 et
766 2472 850 2538 falso
871 2471 1120 2538 transscriberet.

318 2572 450 2639 Photius
465 2572 533 2640 siue
548 2574 652 2656 potius
673 2572 760 2639 illius
780 2580 892 2639 auctor
906 2593 931 2638 s.
947 2594 977 2639 u.
999 2571 1207 2659 πρότριτα·
1230 2574 1270 2658 τῇ
1285 2576 1378 2659 τρίτη

235 2670 348 2738 ἐπάνω
370 2668 486 2760 ἡμέρη.
525 2672 729 2760 Θουκυδίδης
751 2670 784 2739 ἐν
806 2671 837 2757 β’
855 2670 914 2761 τὴν
935 2680 1048 2762 τρίτην
1070 2672 1136 2761 πρὸ
1158 2678 1218 2762 τῆς
1236 2672 1380 2760 ἐκφορᾶς

234 2777 392 2860 respicere
421 2776 547 2842 uidetur
575 2776 618 2843 ad
640 2774 793 2843 Thness.
807 2779 873 2859 34„
902 2776 957 2842 ubi
988 2776 1049 2844 hoc
1077 2777 1220 2843 scholion
1249 2777 1380 2858 legitur:

234 2875 413 2962 πρότριτα·
437 2874 503 2962 πρὸ
519 2883 632 2964 τρίτης
645 2872 770 2963 ἡμέρας
783 2879 842 2964 της
858 2874 1009 2965 ἐκφορᾶς,
1029 2866 1049 2964 ἢ
1065 2874 1123 2943 ἐπὶ
1138 2872 1262 2964 ἡμέρας
1275 2890 1380 2964 τρεῖς·

236 2972 371 3061 ἄμεινον
394 2977 430 3043 δὲ
443 2975 480 3044 τὸ
497 2983 650 3065 πρώτους
664 2978 762 3046 schol.
778 2980 880 3045 Palm.
903 2976 969 3065 πρὸ
993 2981 1094 3063 τριῶν
1109 2973 1248 3066 ἡμερῶν.
1282 2979 1381 3046 Scho-

236 3081 311 3164 lion,
333 3087 369 3146 ut
390 3081 485 3162 uolgo
507 3082 632 3164 legitur,
655 3088 836 3166 corruptum
854 3101 924 3149 esse
939 3082 1012 3147 inde
1028 3087 1170 3167 apparet,
1194 3079 1280 3163 quod
1294 3082 1379 3148 Thu-

237 3181 386 3268 cydidem
408 3184 428 3249 l.
441 3184 461 3249 l.
483 3202 580 3266 agere
602 3183 748 3253 decerto
770 3183 921 3270 termino,
944 3203 1008 3265 qua
1023 3181 1142 3271 σκηνήν
1162 3184 1254 3250 illam
1268 3183 1381 3251 confici

237 3285 390 3374 oportuit,
417 3305 482 3352 non
511 3285 553 3352 de
574 3288 683 3354 funere
704 3307 762 3372 per
789 3291 854 3353 tres
877 3285 946 3354 dies
969 3287 1129 3354 celebrato
1151 3303 1262 3352 omnes
1283 3285 1380 3353 facile

237 3386 425 3471 concedent,
447 3392 544 3470 atque
566 3388 593 3455 si
611 3387 708 3457 Photi
728 3388 850 3455 auxilio
873 3390 918 3455 uti
940 3388 1099 3472 uolumus,
1121 3389 1169 3455 ita
1190 3387 1381 3455 scribemus:

236 3491 349 3574 τρίτης
376 3483 501 3576 ἡμέρας
531 3487 597 3577 πρὸ
627 3492 685 3577 τῆς
715 3487 873 3577 ἐκφορᾶς,
908 3509 972 3572 qua
1000 3488 1129 3573 quidem
1159 3487 1382 3557 emendatione

229 3598 346 3685 pptum
379 3609 506 3657 sensum
534 3593 711 3659 restituisse
743 3592 836 3659 nobis
867 3591 1021 3659 uidemur.
1070 3592 1213 3677 Hesychi
1240 3593 1381 3676 glossam

236 3690 417 3779 πρότριτα·
444 3689 512 3779 πρὸ
536 3693 662 3760 πολλοῦ
682 3693 811 3763 omnino
833 3713 896 3759 non
911 3693 955 3759 ad
969 3693 1168 3778 Thucydidis
1189 3693 1312 3762 scholia
1332 3714 1380 3761 re·

237 3793 402 3860 ferendam
431 3813 502 3861 esse
531 3794 687 3862 exiahmo.
732 3795 767 3861 Si
795 3794 893 3879 igitur
921 3796 1064 3863 scholion
1093 3797 1228 3864 feliciter
1249 3814 1382 3863 sanasse

238 3894 365 3979 uideor,
394 3895 497 3964 etiam
519 3896 572 3963 hic
593 3898 682 3963 locus
711 3916 783 3962 cum
803 3896 900 3964 Photi
920 3899 1029 3979 glossa
1051 3899 1094 3964 ad
1116 3898 1253 3966 eundem
1273 3906 1381 3966 aucto·

237 4013 321 4081 rem,
344 3995 532 4081 Dionysium
554 3998 609 4064 uel
630 3998 840 4082 Pausaniam,
863 3998 1047 4070 referendus
1068 4007 1126 4068 est.

1543 370 1545 439 l

1544 450 1545 517 l
