<?xml version="1.0" encoding="UTF-8"?>
<!DOCTYPE html PUBLIC "-//W3C//DTD XHTML 1.0 Transitional//EN"
    "http://www.w3.org/TR/xhtml1/DTD/xhtml1-transitional.dtd">
<html xmlns="http://www.w3.org/1999/xhtml" xml:lang="en" lang="en">
 <head>
  <title>
</title>
<meta http-equiv="Content-Type" content="text/html;charset=utf-8" />
  <meta name='ocr-system' content='tesseract 3.04.00' />
  <meta name='ocr-capabilities' content='ocr_page ocr_carea ocr_par ocr_line ocrx_word'/>
</head>
<body>
  <div class='ocr_page' id='page_1' title='image "./quaestionesdesc00schwgoog_0066.png"; bbox 0 0 3142 4700; ppageno 0'>
   <div class='ocr_carea' id='block_1_1' title="bbox 268 245 985 306">
    <p class='ocr_par' dir='ltr' id='par_1_1' title="bbox 268 245 985 306">
     <span class='ocr_line' id='line_1_1' title="bbox 268 245 985 306; baseline -0.004 -1"><span class='ocrx_word' id='word_1_1' title='bbox 268 246 328 306; x_wconf 82' lang='lat'>122</span> <span class='ocrx_word' id='word_1_2' title='bbox 478 258 482 264; x_wconf 77' lang='grc'>’</span> <span class='ocrx_word' id='word_1_3' title='bbox 703 246 838 302; x_wconf 80' lang='lat' dir='ltr'>Emestns</span> <span class='ocrx_word' id='word_1_4' title='bbox 855 245 985 302; x_wconf 82' lang='lat' dir='ltr'>Schwabe</span> 
     </span>
    </p>
   </div>
   <div class='ocr_carea' id='block_1_2' title="bbox 250 417 1499 3459">
    <p class='ocr_par' dir='ltr' id='par_1_2' title="bbox 250 417 1499 1935">
     <span class='ocr_line' id='line_1_2' title="bbox 266 417 1414 505; baseline -0.002 -17"><span class='ocrx_word' id='word_1_5' title='bbox 266 422 309 489; x_wconf 90' lang='lat' dir='ltr'>ab</span> <span class='ocrx_word' id='word_1_6' title='bbox 331 442 369 488; x_wconf 88' lang='lat' dir='ltr'>eo</span> <span class='ocrx_word' id='word_1_7' title='bbox 391 419 594 488; x_wconf 91' lang='lat' dir='ltr'>commissum</span> <span class='ocrx_word' id='word_1_8' title='bbox 616 418 764 503; x_wconf 90' lang='lat' dir='ltr'>uidimus,</span> <span class='ocrx_word' id='word_1_9' title='bbox 789 424 824 486; x_wconf 91' lang='lat' dir='ltr'>ut</span> <span class='ocrx_word' id='word_1_10' title='bbox 845 420 946 487; x_wconf 88' lang='lat' dir='ltr'>oculis</span> <span class='ocrx_word' id='word_1_11' title='bbox 968 418 1011 487; x_wconf 91' lang='lat' dir='ltr'>ad</span> <span class='ocrx_word' id='word_1_12' title='bbox 1032 417 1301 505; x_wconf 76' lang='lat' dir='ltr'><strong>praepositionem</strong></span> <span class='ocrx_word' id='word_1_13' title='bbox 1322 439 1414 504; x_wconf 88' lang='lat' dir='ltr'>prae·</span> 
     </span>
     <span class='ocr_line' id='line_1_3' title="bbox 267 507 1499 592; baseline -0.003 -1"><span class='ocrx_word' id='word_1_14' title='bbox 267 521 432 592; x_wconf 77' lang='lat' dir='ltr'>cedentem</span> <span class='ocrx_word' id='word_1_15' title='bbox 460 523 625 591; x_wconf 86' lang='lat' dir='ltr'>aberraret</span> <span class='ocrx_word' id='word_1_16' title='bbox 652 526 684 588; x_wconf 90' lang='lat' dir='ltr'>et</span> <span class='ocrx_word' id='word_1_17' title='bbox 711 521 802 588; x_wconf 91' lang='lat' dir='ltr'>illam</span> <span class='ocrx_word' id='word_1_18' title='bbox 828 521 910 589; x_wconf 89' lang='lat' dir='ltr'>falso</span> <span class='ocrx_word' id='word_1_19' title='bbox 939 523 1010 589; x_wconf 91' lang='lat' dir='ltr'>loco</span> <span class='ocrx_word' id='word_1_20' title='bbox 1038 521 1072 588; x_wconf 92' lang='lat' dir='ltr'>in</span> <span class='ocrx_word' id='word_1_21' title='bbox 1097 507 1220 588; x_wconf 85' lang='lat' dir='ltr'>textum</span> <span class='ocrx_word' id='word_1_22' title='bbox 1247 541 1339 588; x_wconf 92' lang='lat' dir='ltr'>suum</span> <span class='ocrx_word' id='word_1_23' title='bbox 1367 521 1415 587; x_wconf 91' lang='lat' dir='ltr'>in-</span> <span class='ocrx_word' id='word_1_24' title='bbox 1493 529 1499 538; x_wconf 85' lang='lat'>&#39;</span> 
     </span>
     <span class='ocr_line' id='line_1_4' title="bbox 266 622 1414 708; baseline -0.003 -14"><span class='ocrx_word' id='word_1_25' title='bbox 266 631 395 694; x_wconf 80' lang='lat' dir='ltr'>sereret.</span> <span class='ocrx_word' id='word_1_26' title='bbox 444 622 588 691; x_wconf 82' lang='lat' dir='ltr'>Eandem</span> <span class='ocrx_word' id='word_1_27' title='bbox 620 624 762 707; x_wconf 80' lang='lat' dir='ltr'>glossam</span> <span class='ocrx_word' id='word_1_28' title='bbox 796 622 951 690; x_wconf 86' lang='lat' dir='ltr'>habemus</span> <span class='ocrx_word' id='word_1_29' title='bbox 983 624 1017 689; x_wconf 91' lang='lat' dir='ltr'>in</span> <span class='ocrx_word' id='word_1_30' title='bbox 1046 622 1267 707; x_wconf 80' lang='lat' dir='ltr'>Etymologioo</span> <span class='ocrx_word' id='word_1_31' title='bbox 1295 623 1414 708; x_wconf 83' lang='lat' dir='ltr'>Magno</span> 
     </span>
     <span class='ocr_line' id='line_1_5' title="bbox 265 723 1415 814; baseline -0.003 -19"><span class='ocrx_word' id='word_1_32' title='bbox 265 749 297 814; x_wconf 86' lang='lat' dir='ltr'>p.</span> <span class='ocrx_word' id='word_1_33' title='bbox 313 733 385 810; x_wconf 83' lang='grc'>777,</span> <span class='ocrx_word' id='word_1_34' title='bbox 401 731 468 809; x_wconf 75' lang='lat'>21,</span> <span class='ocrx_word' id='word_1_35' title='bbox 497 725 553 790; x_wconf 90' lang='lat' dir='ltr'>ubi</span> <span class='ocrx_word' id='word_1_36' title='bbox 574 724 608 791; x_wconf 92' lang='lat' dir='ltr'>in</span> <span class='ocrx_word' id='word_1_37' title='bbox 630 725 749 792; x_wconf 89' lang='lat' dir='ltr'>maiore</span> <span class='ocrx_word' id='word_1_38' title='bbox 772 723 911 809; x_wconf 86' lang='lat' dir='ltr'>quadam</span> <span class='ocrx_word' id='word_1_39' title='bbox 932 726 1110 807; x_wconf 88' lang='lat' dir='ltr'>glossarum</span> <span class='ocrx_word' id='word_1_40' title='bbox 1135 723 1295 808; x_wconf 84' lang='lat' dir='ltr'>farragine</span> <span class='ocrx_word' id='word_1_41' title='bbox 1324 726 1415 792; x_wconf 86' lang='lat' dir='ltr'>latet.</span> 
     </span>
     <span class='ocr_line' id='line_1_6' title="bbox 266 820 1415 914; baseline -0.005 -16"><span class='ocrx_word' id='word_1_42' title='bbox 266 828 387 913; x_wconf 81' lang='lat' dir='ltr'>Quodsi</span> <span class='ocrx_word' id='word_1_43' title='bbox 403 826 617 895; x_wconf 72' lang='lat' dir='ltr'><strong>schwartzius</strong></span> <span class='ocrx_word' id='word_1_44' title='bbox 631 847 662 914; x_wconf 87' lang='lat' dir='ltr'>p.</span> <span class='ocrx_word' id='word_1_45' title='bbox 677 830 746 894; x_wconf 80' lang='lat'>152.</span> <span class='ocrx_word' id='word_1_46' title='bbox 769 828 910 911; x_wconf 80' lang='lat' dir='ltr'>glossam</span> <span class='ocrx_word' id='word_1_47' title='bbox 931 822 1072 913; x_wconf 87' lang='grc' dir='ltr'><em>ὑπάγειν</em></span> <span class='ocrx_word' id='word_1_48' title='bbox 1088 822 1122 902; x_wconf 81' lang='grc' dir='ltr'>ἐς</span> <span class='ocrx_word' id='word_1_49' title='bbox 1137 824 1246 913; x_wconf 77' lang='grc' dir='ltr'><em>δίκην·</em></span> <span class='ocrx_word' id='word_1_50' title='bbox 1269 823 1306 891; x_wconf 83' lang='grc' dir='ltr'>τὸ</span> <span class='ocrx_word' id='word_1_51' title='bbox 1324 820 1415 911; x_wconf 76' lang='grc' dir='ltr'><em>ἄγειν</em></span> 
     </span>
     <span class='ocr_line' id='line_1_7' title="bbox 265 921 1417 1017; baseline -0.003 -18"><span class='ocrx_word' id='word_1_52' title='bbox 265 935 322 999; x_wconf 80' lang='grc' dir='ltr'><em>καὶ</em></span> <span class='ocrx_word' id='word_1_53' title='bbox 346 928 549 1017; x_wconf 80' lang='grc' dir='ltr'><em>Θουκυδίδης</em></span> <span class='ocrx_word' id='word_1_54' title='bbox 569 929 626 993; x_wconf 85' lang='grc' dir='ltr'><em>καί</em></span> <span class='ocrx_word' id='word_1_55' title='bbox 654 921 750 994; x_wconf 72' lang='grc' dir='ltr'><em>ἄλλοι</em></span> <span class='ocrx_word' id='word_1_56' title='bbox 778 929 926 997; x_wconf 85' lang='lat' dir='ltr'>atticistis</span> <span class='ocrx_word' id='word_1_57' title='bbox 954 929 1128 995; x_wconf 88' lang='lat' dir='ltr'>attribuere</span> <span class='ocrx_word' id='word_1_58' title='bbox 1156 929 1273 1012; x_wconf 92' lang='lat' dir='ltr'>uoluit,</span> <span class='ocrx_word' id='word_1_59' title='bbox 1301 929 1417 996; x_wconf 86' lang='lat' dir='ltr'>melius</span> 
     </span>
     <span class='ocr_line' id='line_1_8' title="bbox 266 1030 1415 1117; baseline -0.003 -16"><span class='ocrx_word' id='word_1_60' title='bbox 266 1033 402 1117; x_wconf 75' lang='lat' dir='ltr'>fecisset,</span> <span class='ocrx_word' id='word_1_61' title='bbox 418 1032 446 1099; x_wconf 92' lang='lat' dir='ltr'>si</span> <span class='ocrx_word' id='word_1_62' title='bbox 461 1033 544 1100; x_wconf 92' lang='lat' dir='ltr'>hunc</span> <span class='ocrx_word' id='word_1_63' title='bbox 556 1031 768 1117; x_wconf 77' lang='lat' dir='ltr'>Etymologici</span> <span class='ocrx_word' id='word_1_64' title='bbox 779 1031 888 1114; x_wconf 84' lang='lat' dir='ltr'>Magni</span> <span class='ocrx_word' id='word_1_65' title='bbox 903 1033 1007 1098; x_wconf 91' lang='lat' dir='ltr'>locum</span> <span class='ocrx_word' id='word_1_66' title='bbox 1021 1030 1230 1097; x_wconf 85' lang='lat' dir='ltr'>adhibuisset.</span> <span class='ocrx_word' id='word_1_67' title='bbox 1260 1030 1330 1098; x_wconf 90' lang='lat' dir='ltr'>Hoc</span> <span class='ocrx_word' id='word_1_68' title='bbox 1343 1032 1415 1098; x_wconf 92' lang='lat' dir='ltr'>loco</span> 
     </span>
     <span class='ocr_line' id='line_1_9' title="bbox 266 1130 1416 1220; baseline -0.005 -17"><span class='ocrx_word' id='word_1_69' title='bbox 266 1136 350 1204; x_wconf 86' lang='lat' dir='ltr'>enim</span> <span class='ocrx_word' id='word_1_70' title='bbox 375 1135 516 1220; x_wconf 83' lang='lat' dir='ltr'>glossam</span> <span class='ocrx_word' id='word_1_71' title='bbox 544 1135 634 1202; x_wconf 89' lang='lat' dir='ltr'>illam</span> <span class='ocrx_word' id='word_1_72' title='bbox 660 1135 694 1202; x_wconf 90' lang='lat' dir='ltr'>in</span> <span class='ocrx_word' id='word_1_73' title='bbox 722 1133 832 1201; x_wconf 88' lang='lat' dir='ltr'>codice</span> <span class='ocrx_word' id='word_1_74' title='bbox 851 1135 879 1200; x_wconf 95' lang='lat' dir='ltr'>V</span> <span class='ocrx_word' id='word_1_75' title='bbox 900 1132 1037 1200; x_wconf 90' lang='lat' dir='ltr'>inueniri</span> <span class='ocrx_word' id='word_1_76' title='bbox 1065 1132 1253 1199; x_wconf 79' lang='lat' dir='ltr'>Gaistordus</span> <span class='ocrx_word' id='word_1_77' title='bbox 1280 1130 1416 1199; x_wconf 89' lang='lat' dir='ltr'>adnotat</span> 
     </span>
     <span class='ocr_line' id='line_1_10' title="bbox 265 1229 1416 1321; baseline -0.003 -17"><span class='ocrx_word' id='word_1_78' title='bbox 265 1238 370 1304; x_wconf 91' lang='lat' dir='ltr'>inilia</span> <span class='ocrx_word' id='word_1_79' title='bbox 385 1236 505 1304; x_wconf 90' lang='lat' dir='ltr'>maiore</span> <span class='ocrx_word' id='word_1_80' title='bbox 520 1234 735 1321; x_wconf 83' lang='lat' dir='ltr'>adnotatione,</span> <span class='ocrx_word' id='word_1_81' title='bbox 759 1255 842 1317; x_wconf 87' lang='lat' dir='ltr'>quae</span> <span class='ocrx_word' id='word_1_82' title='bbox 856 1235 969 1320; x_wconf 88' lang='lat' dir='ltr'>incipit</span> <span class='ocrx_word' id='word_1_83' title='bbox 983 1229 1122 1319; x_wconf 87' lang='grc' dir='ltr'><em>ὑπάγει·</em></span> <span class='ocrx_word' id='word_1_84' title='bbox 1146 1230 1307 1320; x_wconf 76' lang='grc' dir='ltr'><em>ἐξαπατᾷ,</em></span> <span class='ocrx_word' id='word_1_85' title='bbox 1331 1233 1416 1302; x_wconf 89' lang='lat' dir='ltr'>unde</span> 
     </span>
     <span class='ocr_line' id='line_1_11' title="bbox 265 1336 1413 1424; baseline -0.004 -18"><span class='ocrx_word' id='word_1_86' title='bbox 265 1339 468 1424; x_wconf 87' lang='lat' dir='ltr'>perspicuum</span> <span class='ocrx_word' id='word_1_87' title='bbox 489 1338 533 1423; x_wconf 87' lang='lat' dir='ltr'>fit,</span> <span class='ocrx_word' id='word_1_88' title='bbox 556 1358 665 1406; x_wconf 89' lang='lat' dir='ltr'>omnes</span> <span class='ocrx_word' id='word_1_89' title='bbox 686 1338 760 1405; x_wconf 91' lang='lat' dir='ltr'>illas</span> <span class='ocrx_word' id='word_1_90' title='bbox 780 1340 906 1418; x_wconf 85' lang='lat' dir='ltr'>glossas</span> <span class='ocrx_word' id='word_1_91' title='bbox 928 1336 971 1402; x_wconf 87' lang='lat' dir='ltr'>ad</span> <span class='ocrx_word' id='word_1_92' title='bbox 994 1336 1130 1404; x_wconf 89' lang='lat' dir='ltr'>eundem</span> <span class='ocrx_word' id='word_1_93' title='bbox 1151 1340 1313 1403; x_wconf 90' lang='lat' dir='ltr'>auctorem</span> <span class='ocrx_word' id='word_1_94' title='bbox 1333 1337 1413 1403; x_wconf 87' lang='lat' dir='ltr'>refe·</span> 
     </span>
     <span class='ocr_line' id='line_1_12' title="bbox 265 1439 1415 1523; baseline -0.003 -15"><span class='ocrx_word' id='word_1_95' title='bbox 265 1440 383 1508; x_wconf 89' lang='lat' dir='ltr'>rendas</span> <span class='ocrx_word' id='word_1_96' title='bbox 399 1440 509 1523; x_wconf 74' lang='lat' dir='ltr'>essel)</span> <span class='ocrx_word' id='word_1_97' title='bbox 546 1440 626 1508; x_wconf 81' lang='lat' dir='ltr'>Cum</span> <span class='ocrx_word' id='word_1_98' title='bbox 641 1445 748 1507; x_wconf 87' lang='lat' dir='ltr'>autem</span> <span class='ocrx_word' id='word_1_99' title='bbox 762 1458 859 1523; x_wconf 87' lang='lat' dir='ltr'>supra</span> <span class='ocrx_word' id='word_1_100' title='bbox 879 1439 1130 1507; x_wconf 84' lang='lat' dir='ltr'>intellexerimus</span> <span class='ocrx_word' id='word_1_101' title='bbox 1151 1439 1241 1507; x_wconf 90' lang='lat' dir='ltr'>illam</span> <span class='ocrx_word' id='word_1_102' title='bbox 1263 1439 1415 1523; x_wconf 84' lang='lat' dir='ltr'>glossam,</span> 
     </span>
     <span class='ocr_line' id='line_1_13' title="bbox 267 1536 1414 1627; baseline -0.003 -17"><span class='ocrx_word' id='word_1_103' title='bbox 267 1563 350 1626; x_wconf 88' lang='lat' dir='ltr'>quae</span> <span class='ocrx_word' id='word_1_104' title='bbox 372 1536 798 1627; x_wconf 78' lang='grc' dir='ltr'><em>εε1ᾶειιοοεὺπαγαιγαί,</em></span> <span class='ocrx_word' id='word_1_105' title='bbox 827 1541 870 1607; x_wconf 87' lang='lat' dir='ltr'>ad</span> <span class='ocrx_word' id='word_1_106' title='bbox 891 1541 1048 1608; x_wconf 88' lang='lat' dir='ltr'>atticistas</span> <span class='ocrx_word' id='word_1_107' title='bbox 1076 1539 1272 1609; x_wconf 84' lang='lat' dir='ltr'>referendam</span> <span class='ocrx_word' id='word_1_108' title='bbox 1300 1539 1414 1624; x_wconf 87' lang='lat' dir='ltr'>uideri,</span> 
     </span>
     <span class='ocr_line' id='line_1_14' title="bbox 266 1637 1414 1729; baseline -0.003 -17"><span class='ocrx_word' id='word_1_109' title='bbox 266 1645 364 1712; x_wconf 87' lang='lat' dir='ltr'>etiam</span> <span class='ocrx_word' id='word_1_110' title='bbox 379 1651 504 1712; x_wconf 87' lang='lat' dir='ltr'>ceterae</span> <span class='ocrx_word' id='word_1_111' title='bbox 519 1643 595 1710; x_wconf 89' lang='lat' dir='ltr'>illae</span> <span class='ocrx_word' id='word_1_112' title='bbox 610 1664 682 1711; x_wconf 91' lang='lat' dir='ltr'>cum</span> <span class='ocrx_word' id='word_1_113' title='bbox 697 1645 806 1729; x_wconf 83' lang='lat' dir='ltr'>glossa</span> <span class='ocrx_word' id='word_1_114' title='bbox 822 1637 999 1729; x_wconf 82' lang='grc' dir='ltr'><em>ὑπαγωγαί</em></span> <span class='ocrx_word' id='word_1_115' title='bbox 1020 1641 1259 1724; x_wconf 82' lang='lat' dir='ltr'>coniungendae</span> <span class='ocrx_word' id='word_1_116' title='bbox 1277 1642 1414 1728; x_wconf 81' lang='lat' dir='ltr'>fuerunt,</span> 
     </span>
     <span class='ocr_line' id='line_1_15' title="bbox 250 1744 1415 1832; baseline -0.001 -19"><span class='ocrx_word' id='word_1_117' title='bbox 250 1767 370 1832; x_wconf 49' lang='lat' dir='ltr'>»neque</span> <span class='ocrx_word' id='word_1_118' title='bbox 391 1766 456 1813; x_wconf 87' lang='lat' dir='ltr'>una</span> <span class='ocrx_word' id='word_1_119' title='bbox 477 1750 615 1831; x_wconf 87' lang='lat' dir='ltr'>tantum,</span> <span class='ocrx_word' id='word_1_120' title='bbox 646 1766 728 1831; x_wconf 88' lang='lat' dir='ltr'>quae</span> <span class='ocrx_word' id='word_1_121' title='bbox 750 1752 821 1813; x_wconf 89' lang='lat' dir='ltr'>erat</span> <span class='ocrx_word' id='word_1_122' title='bbox 848 1744 889 1813; x_wconf 94' lang='lat' dir='ltr'>de</span> <span class='ocrx_word' id='word_1_123' title='bbox 917 1764 976 1812; x_wconf 92' lang='lat' dir='ltr'>usu</span> <span class='ocrx_word' id='word_1_124' title='bbox 1002 1744 1150 1827; x_wconf 82' lang='lat' dir='ltr'>lorensi,</span> <span class='ocrx_word' id='word_1_125' title='bbox 1165 1744 1199 1809; x_wconf 93' lang='lat' dir='ltr'>in</span> <span class='ocrx_word' id='word_1_126' title='bbox 1226 1744 1415 1812; x_wconf 75' lang='lat' dir='ltr'>collectione</span> 
     </span>
     <span class='ocr_line' id='line_1_16' title="bbox 265 1848 784 1935; baseline -0.004 -20"><span class='ocrx_word' id='word_1_127' title='bbox 265 1850 515 1935; x_wconf 83' lang='lat' dir='ltr'>fragmentorum</span> <span class='ocrx_word' id='word_1_128' title='bbox 536 1848 686 1933; x_wconf 82' lang='lat' dir='ltr'>ponenda</span> <span class='ocrx_word' id='word_1_129' title='bbox 708 1853 784 1915; x_wconf 88' lang='lat' dir='ltr'>erat.</span> 
     </span>
    </p>

    <p class='ocr_par' dir='ltr' id='par_1_3' title="bbox 264 1942 1414 2324">
     <span class='ocr_line' id='line_1_17' title="bbox 350 1942 1413 2032; baseline -0.001 -16"><span class='ocrx_word' id='word_1_130' title='bbox 350 1942 551 2017; x_wconf 82' lang='lat' dir='ltr'>Manifestum</span> <span class='ocrx_word' id='word_1_131' title='bbox 573 1950 765 2018; x_wconf 89' lang='lat' dir='ltr'>scholiorum</span> <span class='ocrx_word' id='word_1_132' title='bbox 795 1949 950 2032; x_wconf 86' lang='lat' dir='ltr'>originem</span> <span class='ocrx_word' id='word_1_133' title='bbox 977 1949 1079 2016; x_wconf 86' lang='lat' dir='ltr'>cernis</span> <span class='ocrx_word' id='word_1_134' title='bbox 1106 1949 1140 2014; x_wconf 93' lang='lat' dir='ltr'>in</span> <span class='ocrx_word' id='word_1_135' title='bbox 1169 1947 1291 2016; x_wconf 90' lang='lat' dir='ltr'>scholio</span> <span class='ocrx_word' id='word_1_136' title='bbox 1313 1948 1413 2015; x_wconf 82' lang='lat' dir='ltr'>Thuc.</span> 
     </span>
     <span class='ocr_line' id='line_1_18' title="bbox 264 2047 1414 2138; baseline 0 -19"><span class='ocrx_word' id='word_1_137' title='bbox 264 2056 289 2120; x_wconf 92' lang='lat'>1.</span> <span class='ocrx_word' id='word_1_138' title='bbox 303 2056 353 2119; x_wconf 85' lang='lat'>35.</span> <span class='ocrx_word' id='word_1_139' title='bbox 376 2047 629 2134; x_wconf 60' lang='lat' dir='ltr'>declarasses·</span> <span class='ocrx_word' id='word_1_140' title='bbox 664 2055 874 2138; x_wconf 71' lang='grc' dir='ltr'><em>προείπομεν</em></span> <span class='ocrx_word' id='word_1_141' title='bbox 899 2050 1092 2136; x_wconf 84' lang='lat' dir='ltr'>comparatis</span> <span class='ocrx_word' id='word_1_142' title='bbox 1116 2051 1231 2117; x_wconf 89' lang='lat' dir='ltr'>Photio</span> <span class='ocrx_word' id='word_1_143' title='bbox 1254 2058 1287 2118; x_wconf 85' lang='lat' dir='ltr'>et</span> <span class='ocrx_word' id='word_1_144' title='bbox 1312 2049 1414 2119; x_wconf 81' lang='lat' dir='ltr'>suida</span> 
     </span>
     <span class='ocr_line' id='line_1_19' title="bbox 265 2146 1414 2240; baseline -0.001 -20"><span class='ocrx_word' id='word_1_145' title='bbox 265 2150 470 2236; x_wconf 83' lang='grc' dir='ltr'><em>ὑπείπομεν·</em></span> <span class='ocrx_word' id='word_1_146' title='bbox 499 2157 708 2240; x_wconf 81' lang='grc' dir='ltr'><em>προείπομεν</em></span> <span class='ocrx_word' id='word_1_147' title='bbox 736 2153 792 2218; x_wconf 85' lang='grc' dir='ltr'><em>καὶ</em></span> <span class='ocrx_word' id='word_1_148' title='bbox 821 2146 995 2218; x_wconf 88' lang='grc' dir='ltr'><em>ὑπειπεῖν·</em></span> <span class='ocrx_word' id='word_1_149' title='bbox 1028 2148 1261 2239; x_wconf 82' lang='grc' dir='ltr'><em>ὑπαγορεύειν,</em></span> <span class='ocrx_word' id='word_1_150' title='bbox 1292 2153 1414 2221; x_wconf 87' lang='lat' dir='ltr'>scilicet</span> 
     </span>
     <span class='ocr_line' id='line_1_20' title="bbox 265 2256 611 2324; baseline -0.009 0"><span class='ocrx_word' id='word_1_151' title='bbox 265 2257 476 2324; x_wconf 86' lang='lat' dir='ltr'>atticistamm</span> <span class='ocrx_word' id='word_1_152' title='bbox 497 2256 611 2322; x_wconf 87' lang='lat' dir='ltr'>lexica.</span> 
     </span>
    </p>

    <p class='ocr_par' dir='ltr' id='par_1_4' title="bbox 264 2353 1443 3459">
     <span class='ocr_line' id='line_1_21' title="bbox 349 2353 1413 2446; baseline -0.001 -20"><span class='ocrx_word' id='word_1_153' title='bbox 349 2361 400 2426; x_wconf 90' lang='lat' dir='ltr'>De</span> <span class='ocrx_word' id='word_1_154' title='bbox 415 2358 536 2426; x_wconf 92' lang='lat' dir='ltr'>scholio</span> <span class='ocrx_word' id='word_1_155' title='bbox 550 2357 650 2424; x_wconf 82' lang='lat' dir='ltr'>Thuc.</span> <span class='ocrx_word' id='word_1_156' title='bbox 662 2359 702 2424; x_wconf 92' lang='grc' dir='ltr'>Π.</span> <span class='ocrx_word' id='word_1_157' title='bbox 714 2361 764 2425; x_wconf 83' lang='grc'>39.</span> <span class='ocrx_word' id='word_1_158' title='bbox 788 2353 1003 2446; x_wconf 81' lang='grc' dir='ltr'><em>ὑπηρέσιον</em></span> <span class='ocrx_word' id='word_1_159' title='bbox 1024 2358 1090 2424; x_wconf 86' lang='lat' dir='ltr'>iarn</span> <span class='ocrx_word' id='word_1_160' title='bbox 1105 2356 1307 2443; x_wconf 83' lang='lat' dir='ltr'>Goslingsius</span> <span class='ocrx_word' id='word_1_161' title='bbox 1322 2379 1352 2443; x_wconf 86' lang='lat' dir='ltr'>p.</span> <span class='ocrx_word' id='word_1_162' title='bbox 1362 2360 1413 2425; x_wconf 79' lang='lat'>22.</span> 
     </span>
     <span class='ocr_line' id='line_1_22' title="bbox 265 2457 1414 2545; baseline -0.003 -18"><span class='ocrx_word' id='word_1_163' title='bbox 265 2461 312 2527; x_wconf 91' lang='lat' dir='ltr'>ita</span> <span class='ocrx_word' id='word_1_164' title='bbox 327 2460 511 2544; x_wconf 89' lang='lat' dir='ltr'>disputanit,</span> <span class='ocrx_word' id='word_1_165' title='bbox 534 2466 568 2526; x_wconf 90' lang='lat' dir='ltr'>ut</span> <span class='ocrx_word' id='word_1_166' title='bbox 589 2461 631 2527; x_wconf 92' lang='lat' dir='ltr'>de</span> <span class='ocrx_word' id='word_1_167' title='bbox 653 2460 766 2525; x_wconf 92' lang='lat' dir='ltr'>scholii</span> <span class='ocrx_word' id='word_1_168' title='bbox 783 2460 905 2544; x_wconf 88' lang='lat' dir='ltr'>origine</span> <span class='ocrx_word' id='word_1_169' title='bbox 927 2460 1068 2527; x_wconf 87' lang='lat' dir='ltr'>dubitari</span> <span class='ocrx_word' id='word_1_170' title='bbox 1088 2480 1151 2526; x_wconf 93' lang='lat' dir='ltr'>non</span> <span class='ocrx_word' id='word_1_171' title='bbox 1172 2459 1282 2545; x_wconf 86' lang='lat' dir='ltr'>possit.</span> <span class='ocrx_word' id='word_1_172' title='bbox 1319 2457 1414 2540; x_wconf 83' lang='lat' dir='ltr'>Quod</span> 
     </span>
     <span class='ocr_line' id='line_1_23' title="bbox 265 2561 1414 2647; baseline -0.002 -19"><span class='ocrx_word' id='word_1_173' title='bbox 265 2582 342 2630; x_wconf 88' lang='lat' dir='ltr'>uero</span> <span class='ocrx_word' id='word_1_174' title='bbox 374 2561 546 2647; x_wconf 86' lang='lat' dir='ltr'>Didymum</span> <span class='ocrx_word' id='word_1_175' title='bbox 576 2568 737 2627; x_wconf 89' lang='lat' dir='ltr'>auctorem</span> <span class='ocrx_word' id='word_1_176' title='bbox 768 2581 839 2628; x_wconf 89' lang='lat' dir='ltr'>esse</span> <span class='ocrx_word' id='word_1_177' title='bbox 868 2561 1032 2629; x_wconf 89' lang='lat' dir='ltr'>contendit</span> <span class='ocrx_word' id='word_1_178' title='bbox 1058 2568 1188 2646; x_wconf 85' lang='lat' dir='ltr'>propter</span> <span class='ocrx_word' id='word_1_179' title='bbox 1216 2561 1359 2645; x_wconf 88' lang='lat' dir='ltr'>Hesychi</span> <span class='ocrx_word' id='word_1_180' title='bbox 1381 2568 1414 2628; x_wconf 89' lang='lat' dir='ltr'>et</span> 
     </span>
     <span class='ocr_line' id='line_1_24' title="bbox 265 2661 1414 2749; baseline -0.003 -17"><span class='ocrx_word' id='word_1_181' title='bbox 265 2665 361 2732; x_wconf 90' lang='lat' dir='ltr'>Photi</span> <span class='ocrx_word' id='word_1_182' title='bbox 382 2682 587 2746; x_wconf 89' lang='lat' dir='ltr'>consensum,</span> <span class='ocrx_word' id='word_1_183' title='bbox 616 2683 667 2729; x_wconf 89' lang='lat' dir='ltr'>me</span> <span class='ocrx_word' id='word_1_184' title='bbox 688 2661 780 2728; x_wconf 93' lang='lat' dir='ltr'>illum</span> <span class='ocrx_word' id='word_1_185' title='bbox 803 2664 894 2747; x_wconf 90' lang='lat' dir='ltr'>sequi</span> <span class='ocrx_word' id='word_1_186' title='bbox 914 2686 977 2731; x_wconf 91' lang='lat' dir='ltr'>non</span> <span class='ocrx_word' id='word_1_187' title='bbox 1006 2684 1101 2749; x_wconf 87' lang='lat' dir='ltr'>posse</span> <span class='ocrx_word' id='word_1_188' title='bbox 1128 2665 1194 2730; x_wconf 90' lang='lat' dir='ltr'>iam</span> <span class='ocrx_word' id='word_1_189' title='bbox 1221 2683 1317 2748; x_wconf 88' lang='lat' dir='ltr'>snpra</span> <span class='ocrx_word' id='word_1_190' title='bbox 1345 2662 1414 2729; x_wconf 82' lang='lat' dir='ltr'>dixi</span> 
     </span>
     <span class='ocr_line' id='line_1_25' title="bbox 265 2764 1443 2853; baseline -0.003 -20"><span class='ocrx_word' id='word_1_191' title='bbox 265 2789 297 2853; x_wconf 84' lang='lat' dir='ltr'>p.</span> <span class='ocrx_word' id='word_1_192' title='bbox 310 2771 360 2833; x_wconf 85' lang='lat'>80.</span> <span class='ocrx_word' id='word_1_193' title='bbox 393 2767 496 2832; x_wconf 87' lang='lat' dir='ltr'>Locus</span> <span class='ocrx_word' id='word_1_194' title='bbox 511 2764 668 2847; x_wconf 80' lang='lat' dir='ltr'>Eustathi,</span> <span class='ocrx_word' id='word_1_195' title='bbox 685 2783 779 2846; x_wconf 90' lang='lat' dir='ltr'>quem</span> <span class='ocrx_word' id='word_1_196' title='bbox 794 2766 909 2851; x_wconf 87' lang='lat' dir='ltr'>attulit,</span> <span class='ocrx_word' id='word_1_197' title='bbox 923 2788 955 2852; x_wconf 84' lang='lat' dir='ltr'>p.</span> <span class='ocrx_word' id='word_1_198' title='bbox 971 2769 1061 2849; x_wconf 79' lang='lat'>1591,</span> <span class='ocrx_word' id='word_1_199' title='bbox 1073 2768 1134 2849; x_wconf 76' lang='lat'>39,</span> <span class='ocrx_word' id='word_1_200' title='bbox 1157 2786 1229 2833; x_wconf 90' lang='lat' dir='ltr'>cum</span> <span class='ocrx_word' id='word_1_201' title='bbox 1243 2765 1412 2849; x_wconf 89' lang='lat' dir='ltr'>Diogenia-</span> <span class='ocrx_word' id='word_1_202' title='bbox 1435 2765 1443 2784; x_wconf 83' lang='lat'>&#39;</span> 
     </span>
     <span class='ocr_line' id='line_1_26' title="bbox 266 2865 1414 2952; baseline -0.001 -18"><span class='ocrx_word' id='word_1_203' title='bbox 266 2888 342 2934; x_wconf 92' lang='lat' dir='ltr'>num</span> <span class='ocrx_word' id='word_1_204' title='bbox 357 2887 420 2933; x_wconf 93' lang='lat' dir='ltr'>non</span> <span class='ocrx_word' id='word_1_205' title='bbox 434 2865 553 2950; x_wconf 88' lang='lat' dir='ltr'>laudet,</span> <span class='ocrx_word' id='word_1_206' title='bbox 575 2866 619 2932; x_wconf 92' lang='lat' dir='ltr'>ad</span> <span class='ocrx_word' id='word_1_207' title='bbox 640 2866 797 2940; x_wconf 85' lang='lat' dir='ltr'>atticistas</span> <span class='ocrx_word' id='word_1_208' title='bbox 819 2868 924 2952; x_wconf 89' lang='lat' dir='ltr'>potius</span> <span class='ocrx_word' id='word_1_209' title='bbox 945 2867 1130 2935; x_wconf 85' lang='lat' dir='ltr'>referendus</span> <span class='ocrx_word' id='word_1_210' title='bbox 1152 2868 1221 2934; x_wconf 90' lang='lat' dir='ltr'>erit.</span> <span class='ocrx_word' id='word_1_211' title='bbox 1261 2867 1358 2934; x_wconf 83' lang='lat' dir='ltr'>Certa</span> <span class='ocrx_word' id='word_1_212' title='bbox 1378 2867 1414 2933; x_wconf 87' lang='lat' dir='ltr'>tit</span> 
     </span>
     <span class='ocr_line' id='line_1_27' title="bbox 265 2964 1412 3057; baseline 0.001 -22"><span class='ocrx_word' id='word_1_213' title='bbox 265 2988 318 3035; x_wconf 91' lang='lat' dir='ltr'>res</span> <span class='ocrx_word' id='word_1_214' title='bbox 339 2967 547 3034; x_wconf 88' lang='lat' dir='ltr'>adnotatione</span> <span class='ocrx_word' id='word_1_215' title='bbox 569 2967 705 3050; x_wconf 85' lang='lat' dir='ltr'>Suidae,</span> <span class='ocrx_word' id='word_1_216' title='bbox 728 2987 824 3050; x_wconf 88' lang='lat' dir='ltr'>qnam</span> <span class='ocrx_word' id='word_1_217' title='bbox 847 2970 1047 3053; x_wconf 82' lang='lat' dir='ltr'>Goslingsius</span> <span class='ocrx_word' id='word_1_218' title='bbox 1070 2969 1191 3035; x_wconf 89' lang='lat' dir='ltr'>omisit:</span> <span class='ocrx_word' id='word_1_219' title='bbox 1214 2964 1412 3057; x_wconf 83' lang='grc' dir='ltr'><em>ὑπηρέσιον·</em></span> 
     </span>
     <span class='ocr_line' id='line_1_28' title="bbox 265 3063 1413 3166; baseline 0.003 -30"><span class='ocrx_word' id='word_1_220' title='bbox 265 3065 474 3155; x_wconf 84' lang='grc' dir='ltr'><em>ὑπαγκαίνιον</em></span> <span class='ocrx_word' id='word_1_221' title='bbox 495 3072 562 3134; x_wconf 78' lang='grc' dir='ltr'><em>τῶν</em></span> <span class='ocrx_word' id='word_1_222' title='bbox 585 3065 704 3152; x_wconf 75' lang='grc' dir='ltr'><em>ἐρετῶν</em></span> <span class='ocrx_word' id='word_1_223' title='bbox 727 3065 838 3158; x_wconf 74' lang='grc' dir='ltr'><em>[ἤγουν</em></span> <span class='ocrx_word' id='word_1_224' title='bbox 860 3068 1094 3158; x_wconf 79' lang='grc' dir='ltr'><em>κωπηλατεῦν],</em></span> <span class='ocrx_word' id='word_1_225' title='bbox 1118 3063 1174 3158; x_wconf 76' lang='grc' dir='ltr'>ἐφ’</span> <span class='ocrx_word' id='word_1_226' title='bbox 1193 3064 1232 3137; x_wconf 85' lang='grc' dir='ltr'>οὗ</span> <span class='ocrx_word' id='word_1_227' title='bbox 1254 3071 1413 3166; x_wconf 50' lang='grc' dir='ltr'><em>καθίζου·</em></span> 
     </span>
     <span class='ocr_line' id='line_1_29' title="bbox 265 3165 1411 3261; baseline 0.001 -22"><span class='ocrx_word' id='word_1_228' title='bbox 265 3194 319 3240; x_wconf 90' lang='grc' dir='ltr'>σιν</span> <span class='ocrx_word' id='word_1_229' title='bbox 342 3172 375 3239; x_wconf 84' lang='grc' dir='ltr'><em>οὑ</em></span> <span class='ocrx_word' id='word_1_230' title='bbox 397 3169 587 3258; x_wconf 75' lang='grc' dir='ltr'><em>ἐρέσσοντες</em></span> <span class='ocrx_word' id='word_1_231' title='bbox 610 3168 666 3237; x_wconf 81' lang='grc' dir='ltr'><em>διὰ</em></span> <span class='ocrx_word' id='word_1_232' title='bbox 688 3169 726 3238; x_wconf 88' lang='grc' dir='ltr'>τὸ</span> <span class='ocrx_word' id='word_1_233' title='bbox 748 3171 793 3261; x_wconf 80' lang='grc' dir='ltr'>μὴ</span> <span class='ocrx_word' id='word_1_234' title='bbox 818 3178 1057 3260; x_wconf 72' lang='grc' dir='ltr'><em>συντρίβεσθαι</em></span> <span class='ocrx_word' id='word_1_235' title='bbox 1080 3165 1188 3239; x_wconf 78' lang='grc' dir='ltr'><em>αὑτῶν</em></span> <span class='ocrx_word' id='word_1_236' title='bbox 1209 3171 1270 3250; x_wconf 83' lang='grc' dir='ltr'>τὰς</span> <span class='ocrx_word' id='word_1_237' title='bbox 1294 3173 1411 3260; x_wconf 81' lang='grc' dir='ltr'><em>πυγάς.</em></span> 
     </span>
     <span class='ocr_line' id='line_1_30' title="bbox 264 3274 1413 3362; baseline 0.002 -20"><span class='ocrx_word' id='word_1_238' title='bbox 264 3275 357 3342; x_wconf 91' lang='lat' dir='ltr'>Prior</span> <span class='ocrx_word' id='word_1_239' title='bbox 377 3274 462 3341; x_wconf 91' lang='lat' dir='ltr'>enim</span> <span class='ocrx_word' id='word_1_240' title='bbox 483 3275 611 3360; x_wconf 92' lang='lat' dir='ltr'>glossae</span> <span class='ocrx_word' id='word_1_241' title='bbox 633 3295 708 3361; x_wconf 87' lang='lat' dir='ltr'>pars</span> <span class='ocrx_word' id='word_1_242' title='bbox 729 3278 877 3345; x_wconf 89' lang='lat' dir='ltr'>conuenit</span> <span class='ocrx_word' id='word_1_243' title='bbox 898 3276 1146 3361; x_wconf 87' lang='lat' dir='ltr'>canesychio</span> <span class='ocrx_word' id='word_1_244' title='bbox 1163 3285 1196 3343; x_wconf 88' lang='lat' dir='ltr'>et</span> <span class='ocrx_word' id='word_1_245' title='bbox 1209 3277 1334 3361; x_wconf 90' lang='lat' dir='ltr'>Photio,</span> <span class='ocrx_word' id='word_1_246' title='bbox 1357 3298 1413 3362; x_wconf 92' lang='lat' dir='ltr'>po·</span> 
     </span>
     <span class='ocr_line' id='line_1_31' title="bbox 265 3375 1414 3459; baseline 0.001 -17"><span class='ocrx_word' id='word_1_247' title='bbox 265 3376 380 3443; x_wconf 90' lang='lat' dir='ltr'>sterior</span> <span class='ocrx_word' id='word_1_248' title='bbox 401 3396 472 3443; x_wconf 92' lang='lat' dir='ltr'>cum</span> <span class='ocrx_word' id='word_1_249' title='bbox 494 3375 616 3444; x_wconf 91' lang='lat' dir='ltr'>scholio</span> <span class='ocrx_word' id='word_1_250' title='bbox 642 3383 761 3445; x_wconf 85' lang='lat' dir='ltr'>nostro.</span> <span class='ocrx_word' id='word_1_251' title='bbox 806 3379 911 3459; x_wconf 82' lang='lat' dir='ltr'>Quare</span> <span class='ocrx_word' id='word_1_252' title='bbox 941 3399 1012 3446; x_wconf 93' lang='lat' dir='ltr'>cum</span> <span class='ocrx_word' id='word_1_253' title='bbox 1034 3378 1151 3447; x_wconf 85' lang='lat' dir='ltr'>Suidas</span> <span class='ocrx_word' id='word_1_254' title='bbox 1172 3377 1322 3447; x_wconf 92' lang='lat' dir='ltr'>Photium</span> <span class='ocrx_word' id='word_1_255' title='bbox 1349 3398 1414 3445; x_wconf 94' lang='lat' dir='ltr'>non</span> 
     </span>
    </p>
   </div>
   <div class='ocr_carea' id='block_1_3' title="bbox 229 3659 1413 4076">
    <p class='ocr_par' dir='ltr' id='par_1_5' title="bbox 229 3659 1413 4076">
     <span class='ocr_line' id='line_1_32' title="bbox 229 3659 1413 3738; baseline 0.006 -25"><span class='ocrx_word' id='word_1_256' title='bbox 229 3692 231 3696; x_wconf 55' lang='lat'>&lt;</span> <span class='ocrx_word' id='word_1_257' title='bbox 353 3664 376 3726; x_wconf 89' lang='lat' dir='ltr'>l)</span> <span class='ocrx_word' id='word_1_258' title='bbox 394 3660 483 3731; x_wconf 80' lang='lat' dir='ltr'>Etym</span> <span class='ocrx_word' id='word_1_259' title='bbox 496 3661 570 3731; x_wconf 74' lang='lat' dir='ltr'>Mag.</span> <span class='ocrx_word' id='word_1_260' title='bbox 582 3680 607 3732; x_wconf 90' lang='lat' dir='ltr'>p.</span> <span class='ocrx_word' id='word_1_261' title='bbox 618 3668 676 3730; x_wconf 88' lang='grc'>777,</span> <span class='ocrx_word' id='word_1_262' title='bbox 686 3667 742 3718; x_wconf 73' lang='lat' dir='ltr'>tt:</span> <span class='ocrx_word' id='word_1_263' title='bbox 760 3660 874 3734; x_wconf 77' lang='grc' dir='ltr'><em>ὑπάγει·</em></span> <span class='ocrx_word' id='word_1_264' title='bbox 885 3664 1019 3730; x_wconf 70' lang='grc' dir='ltr'><em>ἐξαπατᾷ.</em></span> <span class='ocrx_word' id='word_1_265' title='bbox 1037 3659 1195 3738; x_wconf 84' lang='grc' dir='ltr'><em>ὑπαγωγαί·</em></span> <span class='ocrx_word' id='word_1_266' title='bbox 1208 3664 1238 3718; x_wconf 77' lang='grc' dir='ltr'><em>αι’</em></span> <span class='ocrx_word' id='word_1_267' title='bbox 1248 3661 1353 3720; x_wconf 76' lang='grc' dir='ltr'><em>ἀπάται</em></span> <span class='ocrx_word' id='word_1_268' title='bbox 1366 3672 1413 3720; x_wconf 73' lang='grc' dir='ltr'>καὶ</span> 
     </span>
     <span class='ocr_line' id='line_1_33' title="bbox 263 3741 1412 3821; baseline 0.003 -21"><span class='ocrx_word' id='word_1_269' title='bbox 263 3743 397 3821; x_wconf 80' lang='grc' dir='ltr'><em>ὑπαγωγὴ</em></span> <span class='ocrx_word' id='word_1_270' title='bbox 414 3741 431 3813; x_wconf 82' lang='grc' dir='ltr'><strong><em>ἡ</em></strong></span> <span class='ocrx_word' id='word_1_271' title='bbox 453 3742 631 3819; x_wconf 73' lang='grc' dir='ltr'><em>ὑποχώρησις.</em></span> <span class='ocrx_word' id='word_1_272' title='bbox 658 3754 703 3800; x_wconf 83' lang='grc' dir='ltr'><em>καὶ</em></span> <span class='ocrx_word' id='word_1_273' title='bbox 720 3743 865 3819; x_wconf 81' lang='grc' dir='ltr'><em>ὑπαγωγὰε</em></span> <span class='ocrx_word' id='word_1_274' title='bbox 881 3745 1071 3820; x_wconf 68' lang='grc' dir='ltr'><em>ἀναχωρήσεις.</em></span> <span class='ocrx_word' id='word_1_275' title='bbox 1094 3748 1217 3815; x_wconf 51' lang='grc' dir='ltr'><em>»διώξεις</em></span> <span class='ocrx_word' id='word_1_276' title='bbox 1234 3771 1264 3805; x_wconf 86' lang='grc' dir='ltr'>τε</span> <span class='ocrx_word' id='word_1_277' title='bbox 1281 3756 1327 3804; x_wconf 80' lang='grc' dir='ltr'><em>καί</em></span> <span class='ocrx_word' id='word_1_278' title='bbox 1343 3745 1412 3806; x_wconf 88' lang='grc' dir='ltr'><em>ὑπα·</em></span> 
     </span>
     <span class='ocr_line' id='line_1_34' title="bbox 263 3827 1411 3907; baseline 0.004 -22"><span class='ocrx_word' id='word_1_279' title='bbox 263 3827 366 3904; x_wconf 58' lang='lat' dir='ltr'>wyte</span> <span class='ocrx_word' id='word_1_280' title='bbox 387 3830 557 3901; x_wconf 74' lang='grc' dir='ltr'><em>Θουκυδίδης.</em></span> <span class='ocrx_word' id='word_1_281' title='bbox 581 3838 626 3885; x_wconf 75' lang='grc' dir='ltr'><em>καὶ</em></span> <span class='ocrx_word' id='word_1_282' title='bbox 642 3829 777 3906; x_wconf 79' lang='grc' dir='ltr'><em>ὑπαγωγὴ</em></span> <span class='ocrx_word' id='word_1_283' title='bbox 794 3830 824 3887; x_wconf 78' lang='grc' dir='ltr'><em>ὑὲ</em></span> <span class='ocrx_word' id='word_1_284' title='bbox 839 3833 945 3907; x_wconf 78' lang='grc' dir='ltr'><em>λέγεται</em></span> <span class='ocrx_word' id='word_1_285' title='bbox 962 3832 979 3902; x_wconf 81' lang='grc' dir='ltr'><em>ἢ</em></span> <span class='ocrx_word' id='word_1_286' title='bbox 994 3840 1053 3889; x_wconf 72' lang='grc' dir='ltr'><em>ταῖς</em></span> <span class='ocrx_word' id='word_1_287' title='bbox 1070 3842 1150 3890; x_wconf 83' lang='grc' dir='ltr'><em>ναυσὶ</em></span> <span class='ocrx_word' id='word_1_288' title='bbox 1166 3841 1252 3901; x_wconf 78' lang='grc' dir='ltr'><em>σκέπη</em></span> <span class='ocrx_word' id='word_1_289' title='bbox 1270 3841 1316 3889; x_wconf 69' lang='grc' dir='ltr'><em>καὶ</em></span> <span class='ocrx_word' id='word_1_290' title='bbox 1333 3854 1411 3906; x_wconf 67' lang='grc' dir='ltr'><em>προς·</em></span> 
     </span>
     <span class='ocr_line' id='line_1_35' title="bbox 264 3913 1413 3991; baseline 0.006 -22"><span class='ocrx_word' id='word_1_291' title='bbox 264 3914 389 3988; x_wconf 79' lang='grc' dir='ltr'><em>ὑρμησιτ,</em></span> <span class='ocrx_word' id='word_1_292' title='bbox 411 3916 471 3970; x_wconf 86' lang='grc' dir='ltr'><em>οἷον</em></span> <span class='ocrx_word' id='word_1_293' title='bbox 491 3914 610 3990; x_wconf 81' lang='grc' dir='ltr'><em>ὑφορμὺε</em></span> <span class='ocrx_word' id='word_1_294' title='bbox 630 3935 678 3972; x_wconf 80' lang='grc' dir='ltr'><em>τις.</em></span> <span class='ocrx_word' id='word_1_295' title='bbox 706 3913 865 3991; x_wconf 85' lang='grc' dir='ltr'><em>ὑπαγωγεὺε</em></span> <span class='ocrx_word' id='word_1_296' title='bbox 886 3918 1025 3991; x_wconf 76' lang='grc' dir='ltr'><em>ἐργαλεῖον</em></span> <span class='ocrx_word' id='word_1_297' title='bbox 1044 3918 1224 3988; x_wconf 77' lang='grc' dir='ltr'><em>οἰκοδομικόν.</em></span> <span class='ocrx_word' id='word_1_298' title='bbox 1252 3917 1368 3991; x_wconf 80' lang='grc' dir='ltr'><em>ὑπάγειν</em></span> <span class='ocrx_word' id='word_1_299' title='bbox 1386 3925 1413 3976; x_wconf 75' lang='grc' dir='ltr'>ἐς</span> 
     </span>
     <span class='ocr_line' id='line_1_36' title="bbox 265 3998 1332 4076; baseline 0.007 -23"><span class='ocrx_word' id='word_1_300' title='bbox 265 3998 344 4068; x_wconf 74' lang='grc' dir='ltr'><em>δίκην</em></span> <span class='ocrx_word' id='word_1_301' title='bbox 360 3999 417 4055; x_wconf 79' lang='grc' dir='ltr'><em>ντί,</em></span> <span class='ocrx_word' id='word_1_302' title='bbox 452 4002 555 4057; x_wconf 87' lang='lat' dir='ltr'>Eadem</span> <span class='ocrx_word' id='word_1_303' title='bbox 573 4001 667 4058; x_wconf 91' lang='lat' dir='ltr'>ordine</span> <span class='ocrx_word' id='word_1_304' title='bbox 683 4003 794 4072; x_wconf 87' lang='lat' dir='ltr'>paulum</span> <span class='ocrx_word' id='word_1_305' title='bbox 811 4003 953 4060; x_wconf 82' lang='lat' dir='ltr'>immutato</span> <span class='ocrx_word' id='word_1_306' title='bbox 970 4011 1035 4061; x_wconf 85' lang='lat' dir='ltr'>sunt</span> <span class='ocrx_word' id='word_1_307' title='bbox 1051 4006 1125 4076; x_wconf 82' lang='lat' dir='ltr'>apud</span> <span class='ocrx_word' id='word_1_308' title='bbox 1142 4006 1253 4061; x_wconf 87' lang='lat' dir='ltr'>Suidnm</span> <span class='ocrx_word' id='word_1_309' title='bbox 1270 4022 1293 4062; x_wconf 87' lang='lat' dir='ltr'>s.</span> <span class='ocrx_word' id='word_1_310' title='bbox 1305 4023 1332 4061; x_wconf 90' lang='lat' dir='ltr'>u.</span> 
     </span>
    </p>
   </div>
   <div class='ocr_carea' id='block_1_4' title="bbox 0 0 1576 4700">
    <p class='ocr_par' dir='ltr' id='par_1_6' title="bbox 0 0 1576 4700">
     <span class='ocr_line' id='line_1_37' title="bbox 0 0 1576 4700; baseline 0 0"><span class='ocrx_word' id='word_1_311' title='bbox 0 0 1576 4700; x_wconf 95' lang='lat' dir='ltr'> </span> 
     </span>
    </p>
   </div>
  </div>
 </body>
</html>
