3142 4700
235 316 295 374 128
665 317 799 373 Ernestus
817 318 948 374 Schwabe

233 479 302 552 ἀπὸ
317 489 376 574 τῆς
390 485 538 571 βασάνου
553 491 611 575 τῆς
626 488 736 569 λίθου,
759 482 832 576 ἥτις
845 487 904 554 τὸν
916 487 1039 576 χρυσόν
1061 487 1239 572 δοκιμάζει.
1279 490 1382 556 Locus

233 590 360 656 Aeliani
375 612 437 657 uon
453 590 568 673 obstat,
592 590 668 673 quia
683 590 763 658 haec
777 598 827 657 est
841 591 961 671 Suidae
981 591 1187 676 consuetudo,
1209 598 1245 658 ut
1266 593 1382 675 glossis

233 692 437 759 uenerandso
451 691 620 758 uetustatis
634 693 845 775 posteriorum
860 694 1048 778 scriptorum
1063 695 1151 760 locos
1165 693 1275 759 addat.
1312 694 1389 761 Etsi.

232 814 369 861 resnou
391 794 486 878 plano
509 799 596 860 corta
624 800 689 875 ost,
719 800 827 861 tamon
856 815 894 862 co
923 797 1105 862 coniectura
1132 794 1308 879 probabilis
1336 795 1380 878 fit,

233 895 319 977 quod
340 896 486 976 singulas
507 913 604 961 uoces
625 896 753 978 glossas
775 916 847 961 cum
868 896 990 964 scholio
1012 897 1212 965 conueniunt.

318 997 435 1064 Suidas
449 1018 474 1063 s.
486 1017 516 1062 u.
533 989 759 1082 ἀπεγένετο
772 997 796 1083 ¹)
812 999 865 1080 (of.
877 998 1049 1064 Schwartz.
1064 999 1135 1065 Aol.
1147 999 1241 1066 Dion.
1255 1022 1286 1085 p.
1298 998 1379 1085 λάμ

233 1092 307 1165 ἀντὶ
330 1102 389 1164 τοῦ
410 1092 593 1186 ἀπέθανεν.
627 1090 732 1176 οὕτως
746 1093 912 1188 Ἀντιφῶν
927 1101 984 1165 καὶ
1000 1099 1204 1189 Θουκυδίδης
1224 1101 1268 1166 ad
1289 1101 1380 1167 scho-

231 1202 297 1268 lion
311 1203 412 1268 Thuo.
427 1203 537 1267 ssus:
560 1193 756 1285 ἀπεγένετο·
777 1193 955 1267 ἀπώλλυτο
976 1203 1135 1287 respicere
1150 1201 1286 1289 uidetur,
1308 1224 1381 1270 oum

231 1305 346 1385 reliqui
374 1304 437 1370 loci
466 1324 486 1368 a
514 1303 712 1369 schwartzio
741 1303 833 1369 allati
865 1306 953 1370 nullo
983 1305 1105 1371 scholio
1138 1304 1275 1389 praediti
1307 1307 1379 1372 sint.

232 1406 381 1472 Glossam
409 1405 499 1470 illam
521 1425 542 1469 a
563 1406 664 1472 Suida
688 1425 752 1471 non
775 1425 794 1471 e
815 1405 946 1472 scholiis
973 1407 1195 1492 depromptam
1223 1427 1294 1473 osso
1316 1407 1379 1474 Hc·
1426 1422 1430 1426 ’
1538 1424 1539 1507 J

231 1506 361 1591 sychius
384 1506 491 1590 docet,
514 1507 569 1588 qui
592 1506 705 1574 eodem
727 1508 822 1574 modo
845 1508 985 1594 explicat
1007 1502 1207 1593 ἀπεγένετο.
1225 1501 1300 1574 ἀντὶ
1321 1511 1381 1573 τοῦ

232 1601 415 1674 ἀπέθανεν.
452 1608 533 1675 Inde
552 1609 697 1676 ooniccrc
719 1610 803 1695 licet,
826 1610 958 1677 Suidsm
981 1612 1062 1677 haec
1084 1632 1103 1676 ε
1124 1608 1219 1677 Ph‘oti
1239 1611 1380 1677 fontibus

231 1712 484 1797 deprompsisse,
511 1711 699 1796 pracsertim
728 1732 799 1777 cum
828 1713 998 1778 conueniat
1024 1734 1095 1780 cum
1125 1712 1225 1779 Suids
1254 1719 1379 1779 sextum

230 1813 374 1880 Bokkcri
386 1814 523 1898 lexicon,
547 1813 633 1896 quod
647 1815 805 1897 permulta
820 1815 1029 1880 attioistarum
1043 1815 1224 1899 fragmenta
1238 1816 1377 1882 exhibet.

231 1915 320 1981 Idem
344 1915 480 1981 cernitur
501 1916 535 1981 in
556 1915 644 1980 hisce
666 1916 797 1999 glossis:

315 2016 495 2100 Hesychius
517 2021 550 2081 ot
572 2016 689 2083 scidas
710 2037 784 2083 su.
809 2010 1034 2103 ἀπόγνοια·
1058 2011 1260 2116 ἀπόγνωσις.
1292 2025 1378 2086 Θου·
1489 2034 1492 2041 “

230 2106 363 2204 κυὸίόής
385 2114 591 2203 »ἐνέπρησαν
606 2116 643 2181 δὲ
657 2115 699 2182 τὰ
714 2119 829 2198 πλοῖα,
853 2110 947 2195 ὅπως
969 2111 1134 2203 ἀπόγνοια
1149 2118 1169 2206 ᾑ
1184 2124 1245 2186 τοῦ
1262 2117 1380 2188 ἀλλοτε

229 2207 396 2305 ἢκρατεῖν
410 2222 469 2306 τῆς
484 2221 573 2306 γῆς“,
595 2220 641 2305 ad,
661 2239 755 2301 quom
776 2222 881 2287 locum
903 2219 974 2304 (III.
990 2220 1056 2305 85.)
1079 2222 1140 2289 hoc
1161 2231 1267 2290 exstat
1288 2224 1377 2291 scho-

129 2397 131 2400 ,
228 2320 309 2387 lion:
332 2313 516 2407 ἀπόγνοια·
541 2314 741 2408 ἀπόγνωσις,
763 2322 849 2389 undo
866 2342 1006 2389 conexus
1022 2323 1151 2391 minimo
1174 2325 1289 2392 dubius
1311 2327 1377 2392 olu-

229 2428 287 2489 cct.
325 2423 448 2491 Eadem
469 2426 567 2490 rolort
587 2425 729 2491 Thomas
743 2426 896 2509 Magister
909 2446 940 2510 p.
953 2430 1004 2510 46,
1017 2430 1044 2491 7.
1067 2427 1216 2511 hiscit,
1246 2430 1300 2510 qui
1322 2449 1377 2495 ox·

228 2524 384 2607 carpsisse
399 2526 534 2592 Suidam
548 2526 683 2593 uidetur.
719 2527 905 2594 Eustothius
927 2527 1007 2593 nihil
1030 2527 1135 2613 tradit,
1157 2530 1216 2596 sod
1237 2529 1299 2597 hoc
1320 2529 1378 2596 tali

227 2625 260 2690 iu
282 2625 415 2693 frustulo
436 2627 544 2710 potius
565 2630 738 2696 attribuam
759 2627 858 2694 iudici
879 2628 1071 2714 Dcuariauo,
1095 2649 1190 2712 quom
1211 2653 1277 2700 nou
1298 2635 1377 2699 satis
1405 2714 1408 2720 .

227 2734 411 2796 accuratum
434 2749 505 2796 csse
526 2730 610 2797 inter
631 2751 740 2798 omncs
762 2736 894 2797 constat.

313 2830 471 2915 Corrupto
492 2837 565 2898 suut
587 2831 666 2899 hacc
688 2832 809 2900 Susidae
830 2833 945 2898 uerba:
973 2831 1251 2916 διαμώμενοι·
1280 2840 1375 2923 θερί-

197 2927 200 2933 ’
228 2930 337 3009 ζοντες
350 2933 405 2996 καὶ
423 2931 628 3017 διαμώμενοι
643 2923 857 3010 σκάπτοντες.
891 2935 1062 3018 Respicere
1076 2935 1204 3003 uidetur
1217 2938 1261 3004 ad
1275 2940 1375 3006 Thus.

227 3033 280 3099 IV.
293 3036 360 3116 λά,
383 3033 439 3099 ubi
460 3033 521 3100 hoo
541 3036 702 3102 inuenitur
723 3036 882 3103 scholion:
908 3034 1128 3119 διαμώμενοι·
1152 3037 1376 3106 διασκάπτον-

225 3152 297 3210 τες·
320 3133 450 3222 εἴρηται
465 3135 501 3201 δὲ
516 3128 585 3203 ἀπὸ
601 3140 661 3202 τοῦ
676 3132 753 3225 ἀμη,
776 3135 794 3203 ὂ
818 3136 890 3205 ἔστι
912 3143 1055 3227 σκαφίον
1077 3139 1198 3205 πλατύ.
1219 3139 1376 3224 βούλεται

227 3234 263 3300 δέ
286 3234 394 3302 εἰπεῖν
417 3228 471 3302 ότι
493 3237 742 3317 διαστέλλοντες
761 3237 820 3306 τόν
841 3239 985 3328 κάχληκα
1006 3243 1063 3307 καὶ
1082 3240 1232 3325 βόθρους
1257 3240 1291 3320 ἒς
1318 3242 1376 3310 τόν

128 3399 135 3406 ,
227 3335 379 3422 αἰγιαλόν
393 3340 459 3404 κτλ.
491 3340 611 3407 Suidac
625 3344 734 3426 glossa
744 3343 891 3411 conuenit
905 3365 977 3412 oum
993 3345 1096 3428 Etym.
1108 3344 1192 3428 Mag.
1203 3366 1235 3429 p.
1243 3349 1315 3430 268,
1325 3349 1374 3411 30.

226 3459 251 3504 s.
262 3460 293 3504 u.
310 3437 429 3525 ὁιαμώ,
451 3442 506 3508 ubi
521 3443 656 3511 candem
673 3445 829 3512 habemus
852 3446 1078 3530 etymologiam
1094 3453 1191 3529 atquo
1204 3446 1238 3513 in
1252 3448 1374 3514 scholio

226 3540 446 3625 Thucydideo.
484 3544 537 3612 Ad
551 3544 686 3611 eundem
708 3548 806 3630 igitur
826 3547 946 3613 fontem
968 3548 1028 3614 has
1050 3548 1174 3632 glossas
1195 3569 1305 3616 omues
1327 3570 1373 3616 ro

225 3641 388 3710 uocaudas
403 3662 473 3709 osse
487 3654 631 3730 apparot,
653 3648 789 3714 fortasse
811 3647 854 3713 ad
875 3647 1040 3732 atticistas.
1074 3649 1127 3714 Ad
1147 3650 1283 3718 eundem
1306 3654 1373 3719 fon·
1446 3706 1452 3714 .
1549 3707 1554 3714 .

225 3748 291 3808 tom
324 3743 472 3810 uidentur
504 3748 662 3828 pcrtincrc
695 3751 823 3832 glossae
851 3750 884 3814 iu
914 3749 1055 3817 Gromcri
1083 3753 1204 3819 Anscd.
1226 3751 1327 3819 Oxou.
1349 3754 1373 3820 I.

226 3863 258 3926 p.
278 3848 346 3909 113.
369 3846 475 3928 Etym.
490 3847 574 3931 Mag.
590 3869 621 3932 p.
635 3851 685 3932 82,
698 3854 747 3913 55.
770 3870 795 3916 s.
811 3871 842 3916 u.
859 3844 936 3939 ἀμη.

226 3980 429 3991 -—--...—

316 4065 336 4127 l)
355 4063 527 4118 Gonucuiunt
543 4060 662 4121 Bekkori
678 4066 781 4121 Αοεεᾱ.
793 4083 821 4136 p.
832 4072 873 4135 84,
884 4074 934 4135 33..
946 4074 1004 4135 419,
1018 4075 1055 4125 18.
