3142 4700
304 365 481 432 quaestiones
500 365 533 420 de
550 365 716 420 scholiorum
734 366 969 436 Thucydideorum
985 367 1116 423 fontibus.
1227 370 1287 426 113

11 486 12 511 δ
39 592 43 598 .
139 533 340 622 Θουκυδίδῃ)
361 533 399 600 τδ
424 534 472 612 είς
494 533 624 623 εἰρήνην
647 535 820 620 διδόμενον
846 536 920 622 (ἐπὶ
942 537 1148 626 συνθήκαις),
1171 547 1203 607 et
1224 542 1288 608 Ηο·

11 646 12 681 l
137 637 267 722 syohius
290 629 426 724 ὅμηροι·
460 637 493 702 οἱ
522 635 627 703 ἕνεκεν
650 636 778 725 εἰρήνης
808 637 987 722 διδόμενοι.
1010 638 1286 729 ἐνεχυραζάμενοι.

138 739 339 823 (ioslingsius
360 761 391 824 p.
408 742 466 821 18,
489 738 627 805 laudatis
645 740 896 824 Harpocratione
917 762 943 808 s.
957 763 988 808 u.
1011 737 1194 830 ὁμηρεῦσαι
1217 742 1287 829 (po-

137 841 201 906 tins
224 835 412 926 ὁμηρεύειν)
435 844 467 907 ot
480 841 602 906 scholio
617 839 661 906 ad
675 842 729 906 Ar.
745 842 825 907 Aah.
838 845 909 908 327.
932 844 1015 909 huno
1037 846 1140 911 looum
1155 855 1287 931 propter

137 942 259 1009 Naberi
288 943 429 1008 rationes
459 942 501 1007 ad
523 943 698 1027 Didymum
726 946 833 1009 refert.
877 944 981 1024 Quam
1011 948 1202 1013 sententiam
1223 968 1287 1013 non

137 1063 268 1127 prorsus
296 1044 412 1109 falsam
435 1063 507 1110 esse
537 1044 630 1111 dooet
659 1045 803 1111 scholion
825 1046 1111 1130 Aristophanem,
1140 1068 1199 1115 neo
1224 1070 1287 1115 non
1329 1131 1331 1135 y

138 1145 342 1228 ePamphilo
364 1147 473 1228 glossa
494 1146 594 1228 petita
616 1152 722 1228 potest
743 1165 831 1229 esse,
855 1147 909 1228 qui
925 1148 1059 1232 Didymi
1074 1146 1161 1225 λέξιν
1182 1175 1286 1233 κωμι-

10 1270 11 1273 “
135 1245 194 1333 κήν
221 1247 255 1312 in
285 1266 343 1311 sua
371 1267 450 1313 uasa
477 1254 577 1313 totam
600 1247 779 1313 transfudit.
823 1249 892 1328 Ego
920 1269 1013 1332 uero,
1044 1269 1115 1316 oum
1143 1251 1287 1318 scholion

137 1347 383 1433 'ihuoydideum
398 1348 580 1431 conueniat,
596 1349 678 1414 hano
692 1350 834 1432 glossam
848 1350 995 1417 attioistis
1012 1353 1151 1418 tribuere
1167 1355 1285 1420 malim.

221 1451 272 1516 Do
286 1470 364 1517 uooe
386 1443 586 1532 ὁμωχέτας
608 1451 673 1516 iam
687 1470 783 1537 supra
802 1452 933 1536 egimus,
956 1475 1028 1521 oum
1043 1474 1285 1541 exponeremus,

10 1548 14 1575 ⁷
136 1571 201 1635 qua
223 1553 346 1618 ratione
362 1552 479 1618 Suidas
498 1552 542 1618 ad
556 1552 770 1637 explorandos
792 1553 985 1622 scholiorum
1006 1556 1109 1623 fontes
1131 1554 1284 1625 adhiben-

11 1676 12 1717 1
62 1690 73 1715 ι
108 1654 196 1720 ,διιε
220 1661 313 1738 esset,
335 1654 373 1720 of.
388 1676 418 1740 p.
431 1657 481 1719 95.
518 1655 683 1721 Habemus
705 1654 792 1740 apud
807 1656 965 1741 Photium,
987 1657 1192 1742 Hesychium
1216 1659 1285 1725 Sui-

10 1796 12 1803 ·
136 1756 212 1821 dam
234 1749 412 1838 δμωχέτας.
444 1755 647 1842 Θουκυδίδης
675 1753 753 1831 τοὺς
781 1754 940 1832 συννάοις
961 1754 1065 1835 θεοὺς
1086 1761 1142 1825 καί
1163 1754 1285 1846 ὁμορο-

136 1863 247 1944 φίους.
271 1854 437 1945 Βοιωτική
461 1856 497 1922 δὲ
519 1853 539 1945 ἦ
563 1855 659 1934 λέξις.
705 1857 784 1924 Cum
807 1879 871 1925 uox
894 1859 951 1925 illa
972 1861 1058 1943 apud
1080 1882 1177 1928 unum
1199 1864 1285 1929 'Phu-

135 1959 285 2046 oydidem
308 1966 414 2027 exstet
430 1960 483 2026 IV.
497 1963 557 2044 97,
580 1960 636 2026 ubi
658 1960 719 2027 hoo
740 1960 898 2027 habemus
919 1962 1080 2028 soholion:
1102 1958 1284 2047 ὁμ·ωχέται

136 2062 170 2127 Oi
192 2082 271 2145 (Πίμί
272 2065 450 2143 ίδτδχθνῖίς.
469 2064 533 2127 τῶν
559 2055 665 2128 αυτίδν
688 2064 769 2129 νεῶν
791 2064 848 2128 καί
868 2065 935 2129 τῶν
955 2056 1063 2129 αὐτῶν
1086 2065 1199 2161 ίερίδν,
1222 2089 1285 2134 110ss
1341 2151 1346 2159 .

10 2156 12 2245 ξ
135 2166 244 2231 uerbis
270 2165 329 2231 sed
356 2165 485 2249 τείρεα
506 2165 714 2231 consentiunt
758 2165 847 2231 Nihil
870 2185 908 2231 eo
932 2165 1030 2249 effioi,
1059 2168 1144 2248 quod
1167 2168 1285 2235 Snidas

10 2334 11 2362 η
135 2267 310 2334 sobolion
301 2285 404 2352 ipsum
426 2273 499 2352 post
522 2267 768 2351 explioationom
790 2268 880 2333 illam
902 2265 1100 2333 addiderit'
1091 2288 1156 2333 ram
1178 2288 1284 2355 supra,

10 2449 11 2462 η
134 2388 167 2452 p.
183 2373 244 2453 94,
266 2368 523 2452 significauimus.

10 2469 12 2478 ’
219 2472 255 2535 In
277 2469 462 2535 melioribus
484 2469 614 2535 scholiis
629 2469 865 2535 Patmiensibus
889 2476 952 2554 est,
975 2469 1060 2552 quod
1081 2472 1221 2554 pertinet
1240 2472 1284 2538 ad
1316 2475 1326 2538 5

10 2577 11 2594 ¹
132 2572 299 2637 Thoolll.
309 2574 360 2634 50.
375 2568 422 2652 (ut
436 2570 566 2650 quidem
576 2569 736 2636 Saoollion
751 2570 962 2655 probabiliter
976 2573 1138 2655 oonieoitl:
1153 2567 1283 2661 ὀργάς·

131 2670 159 2760 ή
178 2665 391 2758 άφιερωμένη
412 2669 503 2757 χώρα
526 2683 597 2744 τοῖς
619 2674 729 2750 θεοῖς,
757 2666 833 2758 ήτοι
855 2664 923 2738 άπὸ
946 2675 1013 2790 τιήν
1035 2667 1167 2760 ὀργίων,
1196 2668 1283 2762 άπερ

134 2772 207 2839 ἐστὶ
236 2770 410 2859 μυστήρια.
447 2766 515 2852 δ”
494 2797 569 2858 ητοι
598 2766 666 2838 άπὸ
696 2775 756 2837 τοῦ
781 2766 936 2859 ὀργάνου,
968 2766 1054 2860 άπερ
1077 2777 1283 2860 (Egenolffius

10 2941 11 2960 ,
133 2876 271 2943 restituit
292 2866 393 2960 ὀργάν
415 2865 557 2961 ὀνιερ)’
543 2874 633 2939 εστίν
661 2871 858 2957 ἐπιθυμεῖν,
869 2873 1026 2999 ³romabo
1046 2880 1170 2965 φέρειν.
1201 2870 1282 2966 αάτη

10 2971 11 2974 “
131 2975 196 3063 γὰρ
225 2970 282 3043 οόκ
304 2973 555 3064 ἐγεωργεῖτο,
541 2974 709 3064 ειτάρατος
737 2997 831 3042 ουσα.
865 2974 899 3042 ἓν
921 2985 968 3063 api
997 2980 1077 3066 περὶ
1098 2979 1284 3058 συντάξεως

134 3078 169 3161 (ξ
186 3082 250 3159 52.)
281 3076 387 3166 ,πρὸς
408 3077 486 3156 τοὺς
507 3076 713 3166 καταράτους
735 3083 914 3166 Μεγαρέας
942 3077 1037 3168 ἒψηφ
1040 3075 1212 3148 ί’σασθε
1195 3107 1282 3148 αωο-

132 3184 353 3264 τεμνομένους
374 3178 434 3268 τήν
456 3175 614 3266 ὀργάδα.“
651 3183 737 3249 Loco
751 3182 886 3248 Demost
887 3181 999 3250 henioo
1022 3183 1063 3250 de
1084 3185 1190 3250 lexico
1211 3185 1281 3250 rhe-

10 3267 12 3352 Ῠ
134 3283 233 3349 torioo
263 3284 405 3364 cogitare
433 3281 587 3348 admoniti
616 3283 703 3366 apud
725 3284 1009 3366 Harpocrationem
1037 3285 1120 3352 hano
1141 3286 1282 3369 glossam

10 3417 11 3424 ε
131 3383 325 3451 innenimns:
348 3376 481 3472 ὀργάς.
504 3387 734 3509 Λημοσθένης
745 3381 779 3448 δν
800 3386 850 3468 τιῦ
864 3386 944 3471 περὶ
966 3383 1159 3462 συντάξεως.
1182 3379 1282 3472 ὀργὰς

10 3497 11 3504 ’
131 3482 196 3570 γάρ
217 3486 368 3551 καλεῖται
390 3483 431 3552 τά
458 3484 613 3608 ttopprorbp
641 3486 696 3550 καί
719 3478 833 3606 ὀρεινά
856 3490 964 3571 χωρία
985 3488 1041 3552 καὶ
1063 3479 1120 3551 οόκ
1141 3485 1282 3575 ἐπεργα-

135 3585 264 3670 ζάμενα,
283 3579 365 3654 ὅθεν
380 3583 468 3653 καί(
451 3613 469 3675 η
486 3580 692 3675 Μεγαρική
676 3585 777 3675 οργάς
793 3586 1063 3676 προςωνομάσθη
1079 3587 1216 3677 τοιαύτη
1230 3614 1283 3666 τις

134 3707 234 3767 ουσα,
265 3682 387 3774 περὶ
367 3713 406 3777 ης
436 3687 647 3778 ἐπολέμησαν
669 3683 849 3776 Ἀθηναῖοι
870 3692 1093 3777 Μεγαρεῦσιν.
1136 3692 1282 3758 Eundem
1353 3751 1360 3760 ,

132 3787 230 3873 igitur
251 3789 356 3857 looum
380 3797 512 3872 uterque
533 3792 693 3875 glossator
714 3791 832 3876 tangit,
804 3790 912 3857 tsed
935 3812 1005 3858 oum
1021 3812 1134 3879 parum
1148 3793 1194 3856 int
1195 3813 1229 3857 er
1247 3811 1282 3856 se

133 3892 325 3957 conueniant
332 3912 453 3975 ,ongo
476 3892 604 3959 diuerso
624 3894 795 3961 statuenda
810 3898 867 3960 est.
905 3894 1059 3975 Eandem,
1082 3913 1176 3974 quam
1192 3892 1280 3959 seho-

131 3992 200 4058 lion
216 3993 411 4078 Patmiense,
434 3993 589 4078 originem
604 3994 702 4061 habet
689 3997 826 4076 tglossa
840 3995 975 4061 Photis.
986 4015 1017 4059 u.
1038 3987 1216 4080 ὀργάδες·
1240 3991 1281 4059 τὰ

133 4092 208 4180 ἱερά
228 4099 350 4181 χωρία,
373 4089 449 4181 ήτοι
471 4087 540 4160 άπὸ
554 4096 621 4159 τιῦν
636 4085 785 4183 ὀργίων
772 4086 793 4184 ή
807 4100 873 4161 τῶν
888 4100 1029 4182 μυστηρί
1031 4120 1086 4162 ων.
1110 4084 1166 4177 ξ
1145 4121 1164 4182 η
1186 4093 1282 4183 παρὰ

183 4202 302 4253 nmaiopg
314 4204 415 4246 stoma
435 4204 471 4247 lv
1062 4199 1077 4247 8
