3142 4700
306 278 347 336 92
739 278 873 332 Ernestus
890 277 1020 331 Schwabe

392 450 537 516 Alterum
557 430 791 533 testimonium,
813 470 853 517 ex
877 468 939 533 quo
962 450 1070 531 colligi
1090 450 1193 534 possit
1214 450 1279 516 mm
1300 450 1467 531 antiquis-

306 553 389 620 sima
410 553 516 620 lexioa
537 552 579 619 de
600 551 791 635 Thucydide
813 552 918 636 egisse
940 557 972 618 et
993 552 1068 619 inde
1090 552 1249 634 quaedam
1278 551 1310 617 in
1331 552 1467 619 scholia

306 660 416 723 nostra
437 654 610 738 transiisse,
632 658 706 740 peto
731 654 773 719 ab
795 654 961 720 Athenaeo
976 655 1000 721 Ι.
1016 677 1046 739 p.
1059 658 1099 720 23
1116 655 1167 720 B.:
1189 646 1243 719 ὅτι
1264 650 1301 718 τὸ
1327 645 1464 719 ἀναπί-

306 781 403 822 πτειν
430 760 551 839 κυρίως
580 752 637 821 ἐπὶ
667 759 775 843 ψυχῆς
805 753 910 835 ἐστιν,
946 754 1017 821 οίον
1045 747 1241 839 ἀθυμεῖν,
1271 747 1465 841 ὀλιγωρεῖν.

308 856 513 946 Θουκυδίδης
528 857 650 945 ’πρώτῃ
674 856 869 941 ,νικώμενοι
891 850 947 922 ἐπ’
980 854 1150 939 ἐλάχιστον
1172 849 1466 924 ἀναπίπτουσιν.“

309 968 471 1049 Κρατῖνος
486 958 522 1025 δὲ
537 953 592 1025 ἐπ’
618 958 737 1048 ἐρετῶν
756 964 878 1047 χρᾶται
899 963 940 1046 τῇ
955 958 1041 1037 λέξει
1056 959 1216 1047 ,ῥοθίαζε
1230 952 1428 1025 κάνάπιπτε
1436 966 1463 1025 “.

305 1065 362 1129 καί
383 1064 544 1150 Ξενοφῶν
573 1059 607 1128 ἒν
635 1061 842 1147 Οἰκονομικῷ
870 1059 948 1140 ,διὰ
977 1067 1012 1127 τί
1040 1056 1163 1128 ἀλυποι
1191 1055 1346 1149 ἀλλήλοις
1369 1061 1463 1128 εἰσὶν

307 1165 340 1232 ol
362 1162 490 1249 ἐρέταις
513 1153 534 1251 ἢ
556 1155 609 1230 ὅτι
631 1161 665 1230 ἑν
686 1163 780 1242 τάξει
801 1162 846 1252 μὴ
868 1163 1051 1251 κάθηνται,
1080 1162 1115 1230 ἕν
1139 1162 1232 1241 τάξει
1254 1164 1291 1229 δὲ
1312 1163 1462 1249 προνεύ-
1525 1160 1526 1203 t

307 1288 415 1347 ουσιν,
439 1264 473 1331 ἐν
494 1263 587 1342 τάξει
610 1264 646 1331 δὲ
668 1258 919 1332 ἀναπίπτουσιν
926 1295 937 1347 ‚-
958 1285 1053 1348 quem
1075 1270 1180 1334 locum
1202 1266 1371 1350 exscripsit
1392 1268 1460 1333 Eu-

306 1368 443 1436 stathius
457 1391 487 1453 p.
502 1374 594 1452 1‘641,
606 1374 635 1436 6.
672 1369 830 1435 Conuenit
850 1369 947 1434 schol.
969 1367 1104 1435 Thoai.
1118 1372 1168 1440 70.
1192 1359 1459 1454 ἀναπίπτουσιν]

307 1460 328 1559 ἢ
344 1462 574 1536 ἀναπαύονται
589 1460 609 1558 ἢ
625 1463 825 1554 ἀθυμοῦσιν.
859 1471 924 1536 Res
945 1471 1113 1555 perspicua
1126 1469 1162 1536 fii
1177 1490 1195 1536 e
1210 1469 1330 1536 Suidae
1344 1472 1460 1554 glossa

306 1574 448 1641 alteras.
464 1593 494 1640 u.
517 1565 722 1639 ἀναπίπτειν
742 1570 816 1655 (ἐπὶ
831 1574 938 1658 ψυχῆς
953 1569 1073 1656 iocosi
1096 1568 1133 1636 τὸ
1157 1566 1302 1655 ἀθυμεῖν
1325 1573 1461 1657 λέγεται

306 1672 400 1760 παρὰ
422 1688 493 1753 τοῖς
515 1676 685 1753 παλαιοῖς.
710 1668 914 1741 ἀναπίπτειν
937 1671 996 1739 ἐπὶ
1013 1676 1121 1761 ψυχῆς
1143 1671 1248 1754 ἐστιν,
1272 1672 1344 1739 οἷον
1366 1668 1460 1739 ἀθυ-

305 1790 380 1861 μεῑν
408 1770 591 1865 ὀλιγωρεῖν.
635 1783 800 1865 Κρατῖνος
832 1776 868 1843 δὲ
900 1773 959 1841 ἐπὶ
985 1778 1052 1842 τῶν
1081 1773 1201 1862 ἀρετῶν
1232 1779 1385 1863 κέχρηται
1415 1780 1459 1863 τῇ

307 1878 394 1956 λέξει
423 1877 625 1966 ἐρεοοόντιυν
653 1882 707 1946 καὶ
739 1873 1012 1962 ἀνακλινομένων.
1056 1878 1243 1963 Pamphilus
1269 1878 1366 1964 igitur
1392 1880 1460 1946 lucc

306 1982 394 2063 loco,
423 1984 458 2046 ut
480 1980 587 2046 multis
608 1981 680 2047 aliis
703 1982 781 2048 locis
804 1980 962 2047 Athenaei
984 1987 1034 2046 est
1059 1988 1185 2065 auctor,
1215 1981 1304 2047 cuius
1325 1982 1458 2060 glossae

307 2104 365 2169 per
380 2082 589 2149 atticistarum
612 2083 718 2150 lexico
730 2083 764 2148 in
780 2081 912 2149 Suidam
927 2082 1128 2150 transierunt.
1164 2082 1259 2150 Talia
1273 2103 1349 2149 nero
1365 2085 1459 2149 testi·
1527 2098 1528 2103 ’

307 2184 414 2252 monia
429 2191 502 2251 sunt
523 2204 662 2271 perrara,
678 2190 709 2252 et
724 2204 917 2268 quamquam
934 2184 1040 2251 omnia
1055 2190 1271 2270 perscrutatus
1286 2204 1366 2271 sum,
1388 2187 1457 2252 alia

305 2287 432 2375 repperi
453 2286 550 2355 nulla.

842 2461 915 2539 so.

391 2594 478 2660 Fons
499 2612 576 2661 uero
599 2592 775 2660 uberrimus
798 2593 957 2659 inuenitur
977 2594 1010 2657 in
1038 2593 1150 2659 lexicis
1172 2594 1382 2661 atticistarum
1404 2615 1454 2661 se-

306 2696 401 2764 cundi
422 2702 495 2781 post
513 2694 585 2763 chr.
608 2719 638 2762 n.
662 2695 799 2778 saeculi,
822 2715 904 2777 quae
927 2697 1121 2761 Batauorum
1142 2696 1285 2762 sollertia
1308 2702 1341 2762 et
1362 2695 1454 2764 indu·

306 2799 383 2865 stria
405 2796 620 2882 redintegrata
645 2804 733 2880 sunt,
755 2799 997 2863 Pausaniam
1026 2797 1098 2864 dico
1128 2804 1159 2862 et
1181 2797 1335 2864 Aelium
1358 2800 1454 2865 Dio·

306 2901 461 2985 nysium.
496 2899 549 2964 Ad
571 2901 630 2967 hos
652 2902 756 2966 sontes
774 2898 938 2965 adeundos
954 2897 1074 2983 duplex
1096 2905 1186 2983 patet
1206 2899 1274 2983 uia,
1298 2899 1399 2965 altera
1422 2905 1456 2965 et

306 3021 346 3069 ea
360 2999 544 3083 certissima,
567 3004 601 3065 ut
619 3000 742 3077 scholia
756 3007 789 3066 et
810 3000 988 3084 tiagmenta
1009 3001 1195 3067 nominatim
1218 3000 1351 3067 laudata
1366 3023 1452 3068 com-

305 3121 471 3192 paremus,
493 3102 608 3183 altera,
630 3106 666 3168 ut
687 3100 808 3186 lexica,
831 3120 913 3184 quae
928 3101 1109 3169 etiamnunc
1130 3110 1274 3187 exstant,
1296 3105 1454 3190 imprimis

146 3169 152 3182 .
188 3201 191 3210 '
305 3206 429 3290 Photii,
459 3203 513 3286 qui
534 3203 817 3289 praestantissimis
844 3203 1025 3271 auctoribus
1055 3212 1217 3289 nauseat,
1246 3205 1329 3272 inter
1356 3227 1405 3282 se
1421 3215 1456 3274 et

306 3328 377 3373 cum
405 3306 534 3374 scholiis
562 3306 778 3390 conferamus,
808 3325 872 3388 qua
899 3306 953 3374 uia
980 3306 1108 3392 saepius
1130 3255 1322 3426 scholiorum
1344 3319 1453 3375 aucto-

305 3428 373 3474 rem
394 3408 554 3493 probabili
575 3409 697 3477 ratione
720 3429 875 3476 eruemus.

391 3506 457 3575 Sed
486 3511 671 3593 priusquam
698 3511 740 3577 ad
768 3511 895 3577 illorum
924 3508 1032 3574 studia
1054 3510 1264 3594 Thucydideo
1289 3512 1452 3598 accedam,

306 3609 529 3697 exponendum
543 3610 678 3694 uidetur,
694 3632 832 3693 quonam
848 3609 942 3677 modo
959 3597 1190 3698 lesicographi,
1206 3632 1340 3694 quorum
1354 3637 1452 3700 opera

304 3733 389 3780 nunc
418 3714 561 3795 enatam,
588 3733 610 3777 a
636 3711 818 3779 scholiastis
845 3712 986 3796 excerpti
1013 3712 1076 3778 sint
1097 3714 1181 3779 uel
1171 3717 1233 3799 rpsi
1261 3717 1453 3844 scholiorum

305 3814 497 3899 samaginem
520 3813 1387 3931 assumpserint·

390 3918 439 3982 Ac
459 3914 595 4000 primurn
617 3915 646 3982 si
668 3915 912 3999 Hesychinm
934 3918 1240 4001 examinauerimus‚
1266 3940 1330 3985 non
1352 3922 1452 3988 multa

306 4015 443 4101 uestigia
465 4018 669 4103 habebimus,
690 4017 746 4086 ubi
767 4018 890 4086 scholia
904 4019 1117 4105 Thucydideo
1130 4040 1201 4086 oum
1221 3967 1278 4088 iilo
1293 4009 1361 4089 solo
1376 4044 1449 4091 con·
