3142 4700
334 299 510 367 Quaestiones
528 298 561 352 de
578 297 742 353 scholiorum
760 296 995 367 Thucydidem-nm
1013 297 1141 352 fontibus.
1275 299 1315 354 95

170 471 345 548 (iasselano
368 471 565 537 simillimum
587 467 686 535 inisse
701 468 844 535 codicem
857 469 948 534 illum
963 467 1103 534 maxime
1118 469 1316 553 corruptelae

48 636 51 647 ,
169 573 341 640 nonnullae
375 571 509 654 docent‚·
540 571 578 638 cf.
607 571 746 654 glossam
781 568 1000 637 ἒπαιώνιστο·
1038 563 1239 658 εύφήμιστο,
1275 592 1317 637 ex

169 674 268 741 Thuc.
284 676 309 740 l.
326 680 393 758 50.,
427 674 482 740 ubi
511 672 544 739 in
567 672 740 738 Oassclanc
769 672 903 739 eandem
933 673 1142 757 corruptelam
1171 680 1204 741 et
1230 673 1316 739 idem

171 776 314 843 scholion
330 775 476 842 additum
491 775 662 858 habemus,
684 772 770 855 quod
785 795 862 841 casu
877 774 946 842 fieri
960 796 1023 841 non
1037 775 1149 859 potuit.
1186 775 1318 842 Scholia

169 879 235 945 fere
250 879 375 962 cadem,
397 883 493 960 atquc
516 895 600 958 quae
621 882 759 944 aetatem
781 876 930 963 tulerunt,
952 885 1080 963 praeter
1094 878 1231 944 Tzetzea
1245 878 1316 944 Sui·

169 981 230 1051 das
251 980 285 1045 in
307 979 418 1047 codice
439 1000 496 1046 suo
524 978 651 1044 uidetur
677 978 847 1044 inuenisse.
891 978 1032 1045 Maxime
1054 980 1115 1046 hac
1136 999 1263 1063 quoque
1283 981 1316 1046 in

170 1103 205 1148 re
228 1081 377 1149 conuenit
399 1102 468 1148 cum
493 1082 684 1164 camelam,
698 1083 745 1153 ci.
758 1080 810 1146 lv.
824 1082 886 1163 36„
906 1081 963 1161 ubi
985 1081 1128 1147 scholion
1151 1082 1316 1167 habemus,

172 1182 257 1265 quod
280 1184 314 1250 in
336 1185 450 1250 ceteris
472 1182 637 1267 codicibus
651 1181 860 1248 desideratur.
898 1180 1015 1247 Suidas
1037 1182 1117 1247 illud
1132 1183 1230 1251 habet
1244 1203 1270 1249 s.
1285 1205 1316 1250 u.

167 1285 356 1373 περιπλεῖν.
380 1282 535 1371 ἑρμηνεία
556 1285 617 1348 τού
637 1284 817 1369 περιπλεῖν
838 1284 894 1348 καὶ
914 1282 1081 1349 διεκπλεῖν
1103 1282 1137 1350 ἐν
1159 1287 1199 1371 τῇ
1221 1277 1316 1369 εὗρα-

164 1392 273 1474 χωρίηι
286 1390 537 1466 καθίστασθαι,
561 1383 632 1451 οίον
651 1383 850 1471 χορευούσης
864 1387 921 1453 καὶ
935 1378 1234 1475 ἀναστρεφομένης,
1258 1380 1312 1476 ἐφ’

167 1481 251 1576 ὅπερ
273 1487 430 1573 βούλεται
451 1490 510 1575 τῆς
533 1486 629 1564 νεώς·
651 1488 706 1552 καί
728 1482 748 1575 ἡ
771 1489 893 1573 ηπερὶ“
915 1487 1084 1572 πρόθεσις
1097 1492 1195 1555 τούτο
1212 1489 1315 1577 δηλοῖ,

86 1644 93 1659 .
166 1589 203 1656 τό
232 1590 339 1676 κύκλῳ
369 1593 555 1676 περιθέειν,
587 1587 625 1655 τό
656 1589 692 1654 δὲ
715 1589 884 1655 διεκπλεῖν
911 1587 949 1655 τό
972 1588 1114 1673 τεμόντα
1134 1589 1194 1678 τὴν
1221 1590 1316 1668 τάξιν

164 1695 233 1756 τιῦν
256 1689 413 1761 ἐναντίων
436 1690 484 1768 εἷς
512 1683 664 1757 τούπίσω
686 1695 856 1776 γενέσθαι.
900 1693 1134 1774 Nonnunquam
1158 1694 1317 1778 excerpsit

167 1798 290 1858 tantum
320 1793 438 1860 Suidas
469 1793 592 1859 scholia
619 1796 652 1858 et
681 1814 720 1860 ea
751 1792 987 1877 tantummodo,
1021 1812 1104 1875 quae
1135 1796 1317 1863 necessaria

166 1894 365 1979 uiderentur,
389 1886 571 1980 exscripsit,
595 1897 633 1961 cf.
657 1895 755 1961 schol.
768 1895 805 1960 V.
819 1899 884 1961 28.:
908 1891 1217 1981 ἒκκαρπωσάμενοι·
1239 1894 1316 1973 τοῖς
1352 1896 1354 1899 ’

165 1994 315 2083 καρπούς
335 1998 391 2062 καὶ
412 1993 473 2073 τὰς
495 1994 680 2081 προςόόους
702 1994 860 2079 λαβόντες
887 1989 954 2062 όιπὸ
984 1999 1043 2085 τῆς
1064 2000 1122 2085 γῆς
1143 1991 1316 2084 ἀκεραίους

168 2096 224 2164 διὰ
246 2096 283 2162 τό
307 2096 351 2186 μὴ
375 2099 551 2184 πολεμεῖν,
574 2117 705 2181 quorum
720 2098 829 2183 priora
844 2104 966 2165 tantum
981 2118 1082 2181 usquc
1099 2101 1143 2166 ad
1159 2099 1316 2184 λαβόντες
1406 2160 1410 2179 ,

167 2200 284 2267 Suidas
302 2202 478 2286 exscripsit.
515 2201 750 2282 Nonnunquam
773 2206 881 2266 autem
896 2199 1017 2267 Suidae
1039 2202 1196 2285 pleniora,
1219 2222 1316 2284 quam

165 2323 224 2370 nos
246 2303 418 2389 habemus,
440 2303 564 2370 scholia
583 2308 711 2389 praesto
732 2302 867 2385 fuerunt,
897 2302 936 2368 cf.
959 2322 984 2369 s.
999 2322 1030 2368 u.
1062 2296 1254 2386 ὁμωχαίτας
1283 2310 1316 2372 ct

167 2405 265 2473 schol.
277 2407 330 2471 lV.
343 2409 404 2489 97„
426 2406 483 2472 ubi
503 2405 678 2471 scholiasta
695 2403 954 2475 additamentum,
971 2404 1053 2470 illud
1071 2404 1190 2471 Suidae
1205 2412 1315 2471 Βοιω-

166 2504 239 2592 τικὴ
264 2505 300 2570 di
321 2500 341 2593 ἡ
365 2503 451 2582 λέξις
480 2505 594 2572 omisit
636 2505 728 2571 Idem
749 2507 869 2570 iactum
897 2511 947 2572 cst
967 2506 999 2571 in
1020 2507 1129 2590 glossa
1145 2501 1271 2595 Ἑρμῶν
1282 2509 1315 2593 ¹),
1360 2591 1364 2597 .

167 2609 206 2692 ci.
230 2607 393 2675 schol.VI.
406 2611 474 2692 27„
501 2606 557 2673 ubi
579 2605 696 2673 Suidas
722 2606 813 2673 initio
841 2607 952 2675 scribit
969 2600 1086 2693 Ἑρμαῖ
1112 2593 1197 2696 ἦσαν
1219 2608 1253 2676 ἐν
1275 2614 1316 2697 η’

166 2703 358 2797 Ἀθηναίων
386 2707 486 2775 πόλει
514 2709 643 2774 λίθινοι
671 2705 705 2772 ἐν
727 2706 916 2795 προθύροις
937 2710 993 2775 καί
1021 2709 1124 2796 ἱεροῖς
1145 2718 1179 2777 et
1200 2711 1316 2779 deinde

166 2813 310 2880 scholion
338 2817 440 2878 totum
472 2831 544 2878 cum
567 2809 794 2877 additamentis
823 2810 944 2876 codicis
966 2811 1132 2878 Cassclani
1154 2818 1187 2879 et
1208 2809 1314 2899 Augu·

166 2914 249 2982 stani
271 2914 372 2980 addit.
418 2913 481 2980 Ubi
503 2911 620 2979 Suidas
642 2913 730 2980 solus
752 2933 824 2979 cum
847 2912 976 2979 scholiis
999 2915 1162 2998 conuenit,
1189 2935 1316 3001 semper

167 3037 238 3083 eum
262 3037 280 3082 e
302 3015 412 3083 codice
434 3035 492 3082 suc
515 3015 637 3082 scholia
658 3014 820 3082 delibasse
844 3015 1010 3100 probabile
1033 3021 1099 3100 est,
1122 3017 1169 3084 eis
1191 3024 1314 3084 tantum

166 3117 245 3183 locis
261 3117 420 3202 exceptis,
442 3118 502 3184 ubi'
512 3138 576 3184 non
590 3137 718 3202 prorsus
734 3117 884 3184 conuenit
898 3124 954 3183 aut
968 3119 1075 3184 Photii
1090 3119 1216 3186 lexicon
1231 3119 1313 3185 lace-

166 3241 236 3286 rum
259 3225 318 3285 est.
356 3220 413 3286 Sin
435 3225 543 3285 autem
563 3219 679 3285 Suidas
701 3239 773 3284 cum
796 3219 910 3285 ceteris
931 3219 1167 3303 lexicographi's
1189 3225 1221 3287 et
1244 3241 1314 3286 cnm

166 3322 295 3388 scholiis
317 3321 481 3404 conuenit,
511 3327 578 3385 tum
606 3322 675 3386 iure
702 3320 935 3405 suspicabimur
963 3339 1073 3386 omnes
1094 3319 1167 3386 illas
1189 3320 1315 3402 glossas

166 3424 209 3491 ad
224 3444 321 3490 unum
335 3431 475 3491 ueterem
489 3424 608 3490 fontem
623 3420 807 3489 referendas
822 3440 903 3504 esse,
925 3440 1019 3502 quem
1035 3440 1163 3506 semper
1177 3422 1315 3488 eundem

166 3544 237 3591 esse
257 3525 465 3593 inueniemus.

167 3794 227 3848 dem
244 3793 340 3861 Poppc
364 3792 485 3848 adnotat.
520 3792 563 3847 De
587 3809 617 3847 re
639 3795 701 3863 ipsa
723 3794 758 3850 cf.
777 3794 857 3849 Phot.
876 3811 898 3848 s.
916 3811 944 3850 u.
963 3798 990 3848 et
1007 3796 1092 3849 schol.
1111 3796 1180 3848 Plat.
1199 3793 1267 3861 Rep.
1279 3794 1316 3853 V.

164 3877 325 4027 pfflilAdi
345 3961 418 4016 infra
441 3960 493 4016 hcc
515 3960 638 4015 scholion
662 3961 779 4018 fomasse
796 3963 949 4018 Pausaniae
970 3963 1061 4017 deberi
1085 3977 1262 4030 exponemus,
1287 3964 1315 4018 id
1368 3933 1374 3946 x

166 4048 201 4102 ad
218 4048 289 4102 banc
307 4046 491 4114 quaestionem
509 4045 707 4100 diiudicandum
724 4047 792 4100 nihil
809 4050 888 4104 valet
1298 4070 1301 4077 ·
