3142 4700
313 350 488 419 Quaestiones
506 352 540 406 de
558 321 723 408 scholiorum
741 350 975 421 Thucydidecrum
991 329 1119 407 lontibus.
1251 351 1289 409 81

233 523 339 590 Ceteri
361 521 680 608 commentarii,'[qui
701 522 899 607 Thucydidis
920 523 1020 590 libros
1043 523 1293 610 explicauerunt,

148 647 256 694 omnes
279 628 345 693 lere
359 625 452 712 apud
475 624 608 694 Suidam
630 626 732 692 solum
752 625 935 692 afferuntur.
971 624 1078 691 Primo
1100 621 1172 689 loco
1193 622 1292 695 uomi-

146 729 271 795 nandus
302 734 350 794 est
378 727 600 797 Numenius
628 727 751 810 rhetor,
785 727 840 809 qui
872 726 999 810 scripsit
1031 726 1112 811 περὶ
1141 727 1207 789 τῶν
1235 728 1293 812 τῆς

77 910 82 917 ⁵
147 829 266 909 λέξεως
295 828 485 918 σχημάτων,
515 823 700 905 ὑποθέσεις
728 830 795 892 ταῖν
819 830 1061 916 Δημοσθένους
1087 828 1144 892 καὶ
1168 831 1293 892 Θουκυ-

147 932 256 1012 δίδου,
277 932 398 1018 χρειῶν
421 927 610 1017 συναγωγὴν
624 930 691 995 κτλ.
728 929 805 996 Fuit
818 928 975 996 Hadriani
996 916 1197 1015 imperatoris
1215 938 1292 997 tem·

145 1035 293 1119 poribus,
316 1034 343 1099 si
366 1033 495 1114 quidem
516 1032 601 1100 idem
625 1040 673 1099 est
687 1031 864 1098 Alexandri
885 1033 1051 1116 sophistae
1072 1040 1173 1115 pater,
1198 1052 1293 1115 quem

146 1134 310 1201 laudatum
332 1135 510 1201 inuenimus
532 1133 617 1219 apud
633 1134 733 1200 Walz.
750 1133 856 1200 Rhett.
870 1154 917 1217 gr.
932 1134 985 1199 IV.
1001 1154 1033 1219 p.
1049 1137 1099 1200 35.
1116 1134 1184 1199 Vll.
1199 1156 1230 1219 p.
1243 1138 1292 1199 53.

146 1238 296 1303 Fortasse
318 1236 429 1302 breuia
450 1237 508 1302 illa
529 1242 732 1321 argumenta,
755 1253 838 1317 quae
860 1235 894 1300 in
916 1234 998 1301 libro
1013 1236 1037 1301 1.
1061 1236 1193 1318 singulis
1208 1236 1292 1319 capi-

147 1338 231 1404 tibus
253 1339 429 1422 praemissa
450 1346 535 1421 sunt,
558 1344 644 1405 recte
666 1337 709 1405 ad
723 1336 915 1404 Numenium
937 1337 1128 1422 referuntur,
1150 1336 1185 1402 id
1208 1336 1293 1419 quod

145 1441 209 1506 iam
232 1440 463 1507 Doberentcius
484 1461 515 1524 p.
535 1445 582 1506 14.
605 1441 782 1524 suspicatus
805 1446 863 1505 est.
1297 1454 1301 1457 ’

231 1542 382 1625 Sequitur
403 1542 535 1609 Iulius
550 1542 758 1625 Vestinus,
783 1561 878 1624 quem
900 1540 1017 1608 Suidas
1040 1540 1137 1607 tradit
1159 1538 1293 1628 ἐκλογὴν

129 1642 180 1709 ,ἐκ
206 1648 273 1710 τῶν
298 1642 501 1711 Θουκυδίδου
525 1636 646 1708 Ἰσαίου
671 1634 876 1728 Ἰσοκράτους
905 1643 958 1705 καὶ
985 1640 1206 1727 Θρασυμάχου
1233 1645 1294 1707 τοῦ

145 1745 284 1833 ῥήτορος
304 1747 360 1810 καὶ
382 1740 490 1810 ἄλλων
513 1744 660 1831 ῥητόρων
683 1744 918 1828 conscripsisse.
955 1741 1042 1820 Quas
1064 1763 1115 1810 res
1134 1746 1293 1811 continue-

144 1848 209 1912 rint
238 1849 369 1929 eclogae
393 1847 485 1929 illae,
515 1847 682 1913 nescimus.
727 1846 763 1912 Si
796 1851 955 1912 constaret
985 1843 1072 1911 locos
1095 1845 1294 1930 Thucydidis

144 1948 244 2034 ipsius
267 1956 432 2035 excerptos
454 1950 569 2034 fuisse,
591 1947 653 2015 hoc
674 1948 754 2014 nihil
775 1947 925 2014 attineret
946 1946 989 2012 ad
1007 1946 1089 2013 hanc
1104 1948 1313 2035 disputatio<

143 2072 227 2117 nem.
265 2050 330 2119 Sed
352 2050 451 2118 fuisse
472 2071 568 2119 uoces
591 2059 624 2117 et
645 2051 762 2117 formas
785 2051 938 2131 selectas,
962 2048 1008 2115 eis
1022 2050 1151 2133 probari
1165 2051 1293 2118 uidetur

145 2153 261 2236 uerbis,
286 2172 367 2234 quae
382 2154 586 2220 antecedunt:
614 2144 797 2240 Οὐηστῖνος
806 2144 942 2227 Ἰούλιος
954 2145 1170 2237 χρηματίσας,
1193 2175 1293 2242 σοφι-

145 2252 239 2341 στής,
263 2251 426 2341 ἐπιτομὴν
447 2257 513 2319 τῶν
536 2254 721 2341 Παμφίλου
743 2254 904 2339 γλωσσῶν
931 2252 1068 2336 βίβλους
1091 2252 1130 2334 δ’,
1161 2252 1293 2341 ἐκλογὴν

145 2348 318 2440 ὀνομάτων
341 2353 375 2421 ἐκ
397 2343 721 2445 τωνΛημοσθένους
734 2357 885 2440 βιβλίων.
922 2356 1183 2441 Lexicographus
1198 2358 1294 2441 igitur

146 2461 215 2542 fuit,
236 2467 367 2544 propter
388 2460 522 2525 fontium
543 2460 710 2543 penuriam
725 2458 819 2524 nobis
834 2459 901 2524 fere
915 2457 1052 2541 ignotus,
1075 2457 1193 2540 dequo
1210 2478 1293 2541 quae

145 2562 337 2644 accepimus,
352 2560 452 2627 Meier
467 2559 525 2643 Op.
539 2560 579 2626 ll.
592 2581 624 2644 p.
637 2564 687 2625 47.
702 2560 872 2643 congessit,
894 2559 933 2625 cf.
950 2558 1093 2627 eiusdem
1108 2560 1183 2626 libri
1198 2582 1228 2645 p.
1242 2565 1292 2628 43.

146 2668 211 2729 not.
226 2664 296 2727 172.
341 2662 486 2745 vestigia
511 2661 597 2728 illius
620 2660 783 2729 doctrinae
812 2660 899 2746 apud
920 2653 1110 2728 scholiastae
1132 2663 1292 2747 Thucydi-

145 2764 225 2832 deos
239 2763 396 2847 indagare
418 2786 480 2831 non
496 2764 593 2849 potui,
616 2764 674 2831 sed
696 2769 980 2848 propter'nexum,
1002 2781 1064 2844 quo
1087 2765 1193 2830 omnia
1213 2764 1294 2831 haec

145 2867 252 2934 lexica
272 2867 354 2934 inter
368 2886 404 2933 se
419 2868 586 2933 coniuncta
600 2873 687 2949 sunt,
709 2864 862 2956 nonnulla
877 2883 895 2931 e
910 2863 1033 2931 Vestini
1049 2884 1176 2947 quoque
1192 2867 1291 2951 copiis

145 2969 188 3035 ad
202 2990 261 3036 nos
282 2968 466 3054 peruenisse
481 2989 544 3038 οοο
559 2968 743 3053 negauerim
758 2968 797 3032 ct.
809 2965 963 3032 Schmidt.
978 2968 1078 3051 praef.
1093 2968 1137 3034 ad
1151 2969 1292 3055 Hesych.
1380 3043 1384 3051 ,

145 3070 195 3136 ed.
218 3071 293 3139 mai.
315 3093 346 3155 p.
359 3073 409 3137 85.
969 3151 971 3156 .

231 3172 426 3239 Tiberius
449 3169 628 3258 φιλόλογος
649 3171 791 3254 (codices
819 3190 986 3255 perperam
1010 3171 1131 3249 habent
1152 3171 1293 3258 φιλόσο-

146 3272 224 3361 φος)
254 3273 310 3336 καί
340 3269 504 3360 σοφιστὴς
532 3273 659 3358 scripsit
686 3273 766 3358 περὶ
791 3266 970 3358 Ἡροδότου
999 3273 1056 3337 καὶ
1080 3273 1293 3342 Θουκυδίδου.

147 3373 183 3440 Si
210 3374 334 3441 scholia
363 3373 459 3458 primi
487 3373 686 3459 potissimum
720 3372 795 3438 libri
823 3381 1073 3456 perscrutamur,
1106 3376 1294 3460 saepissime

146 3476 316 3560 miramur,
340 3476 426 3558 quod
447 3475 622 3544 scholiasta
646 3482 711 3542 tam
734 3494 834 3557 saepe
855 3474 1011 3541 Herodoti
1031 3476 1193 3544 Musarum
1214 3480 1293 3546 noti-

145 3696 210 3735 num
235 3676 368 3747 Pamphili
392 3678 492 3732 scrinia
516 3678 656 3747 expilasse.
691 3676 786 3746 Neque
808 3681 898 3731 tamen
922 3676 974 3731 hoc
991 3655 1092 3747 poterit
1109 3678 1294 3742 demonstrari,

149 3781 211 3818 cnm
229 3762 363 3830 Pamphili
379 3761 530 3831 fragmenta
546 3779 601 3816 non
619 3765 701 3829 agant
718 3762 752 3816 de
768 3762 863 3816 iisdem
881 3762 1038 3830 uocabulis,
1055 3763 1089 3818 de
1106 3764 1203 3832 quibus
1220 3763 1294 3831 frag·
1373 3817 1379 3829 ,

146 3853 238 3903 menta
256 3846 444 3901 atticistarum.
473 3846 515 3900 De
528 3846 744 3915 Harpocratione
761 3847 791 3900 in
807 3847 860 3902 hcc
880 3850 993 3902 stemma
1009 3847 1152 3902 inserendo
1170 3847 1294 3901 consulto
1357 3883 1368 3906 .

145 3933 288 3987 tacuimus.
317 3931 390 3987 Eum
407 3948 441 3987 ex
458 3932 584 3986 atticistis
599 3930 723 3985 hausisse
740 3932 879 4001 chsenus
898 3948 925 4000 p.
937 3937 977 3986 81.
988 3935 1029 3984 82.
1048 3930 1195 3997 contendit,
1213 3938 1295 3998 negat

145 4018 311 4073 Stoientinus
329 4016 374 4085 (ct.
391 4017 505 4073 Jahrbb.
529 4016 575 4070 lur
597 4016 681 4070 klass.
700 4015 797 4072 Philol
810 4020 883 4071 1879.
901 4032 928 4084 p.
943 4019 997 4090 143.
1010 4019 1089 4084 στα),
1113 4015 1160 4084 qui
1182 4019 1243 4070 cutm
1259 4031 1294 4070 ex

146 4103 279 4158 communi
296 4102 379 4168 fonte,
396 4102 423 4156 h.
437 4117 461 4158 e.
479 4099 641 4170 ePamphili
656 4101 744 4157 lexico
762 4117 813 4157 sua
829 4101 969 4156 deriuasse
987 4103 1086 4154 censet.

196 4196 313 4248 Leipziger
326 4197 428 4241 Studien.
447 4197 483 4240 1u.
1073 4191 1089 4239 6
