3142 4700
348 277 525 347 Quaestioncs
543 277 577 335 dc
594 277 759 335 scholiorum
776 278 1011 349 Thucydideorunn
1026 280 1157 339 fontibus.
1274 283 1334 346 103

166 449 297 517 ·cetcris
312 448 475 516 codicibus
490 449 634 516 scholion
650 450 777 519 omnino
797 449 903 537 deest,
918 451 977 519 sed
992 452 1162 520 exhibetur
1176 452 1209 521 in
1224 452 1335 523 codiee

181 550 357 617 Patmiensi
385 551 544 634 scholion,
576 552 662 633 quod
690 551 819 620 omnino
848 572 919 618 cum
947 553 1096 619 Eustathi
1122 554 1232 637 glossa
1261 576 1333 623 con-

182 652 281 720 uenit.
318 651 500 719 Atticistam
522 652 619 735 igitur
640 654 734 720 huius
756 653 869 720 scholii
885 658 1046 721 auctorem
1060 654 1160 722 fuisse
1177 655 1333 726 uidemus.

102 779 104 783 ¹
182 756 234 820 De
255 773 291 820 rc
312 752 398 838 ipsa,
421 760 526 821 uuum
540 753 703 835 πανσυδί,
728 753 814 837 quod
836 751 964 822 codices
979 755 1183 841 Thucydidei
1203 757 1334 844 habent,

181 876 223 922 an
246 852 412 934 πασσυδί,
441 875 484 922 an
505 854 674 921 ποοοοόεί
694 875 736 921 an
758 853 924 920 πανσοδεί
950 856 1153 924 scribendum
1175 859 1232 942 sit,
1261 879 1335 926 con·

181 959 323 1024 ferantur
344 958 473 1043 Poppo,
502 957 556 1040 qui
578 959 718 1044 priorum
740 956 915 1024 sententias
944 965 1126 1042 enumerat,
1154 964 1187 1025 et
1209 959 1335 1030 Classe·

181 1079 241 1126 nus
264 1059 284 1124 l.
298 1059 318 1124 l.

267 1160 414 1226 Eustath.
426 1179 457 1243 p.
471 1163 543 1244 735,
556 1165 606 1226 55.
628 1158 848 1243 (Rindfleisch.
859 1162 896 1227 fr.
910 1164 991 1246 304,
1007 1160 1181 1228 Schwartz.
1192 1182 1223 1246 p.
1236 1162 1332 1246 120.):

181 1254 279 1327 Αὐτὸ
294 1259 357 1348 γὰρ
373 1261 431 1345 (so.
446 1258 483 1326 τὸ
500 1258 672 1346 πελιδνόν)
686 1263 743 1327 καὶ
756 1259 942 1328 πελιννὸν
956 1258 1048 1347 παρὰ
1068 1260 1253 1348 Θουκυδίδῃ
1277 1260 1333 1330 διὰ

181 1366 241 1429 τοῦ
256 1367 275 1427 d
291 1354 441 1449 εὕρηται,
465 1357 510 1439 ὠς
525 1360 651 1439 Α’ίλιος
665 1361 846 1439 Διονύσιος
863 1366 1166 1450 ποραοημειοῦναι.
1202 1364 1334 1448 Spectat

180 1465 295 1532 Aelius
318 1464 493 1548 Dionysius
521 1462 565 1528 ad
586 1463 819 1547 Thuc.II.49.,
847 1465 902 1531 ubi
924 1465 985 1532 hoe
1008 1472 1057 1532 est
1078 1464 1237 1534 scholion:
1271 1490 1334 1532 πε·
1414 1530 1420 1537 .

183 1563 306 1652 λιδνόν]
339 1564 497 1632 πελιδνόν
526 1562 598 1631 ἐστι
629 1563 667 1631 τὸ
701 1570 838 1649 μετέχον
867 1559 1050 1654 ὠχρότητος
1078 1567 1135 1631 καὶ
1163 1567 1332 1649 μελανίας,

182 1668 287 1735 οἱονεὶ
308 1665 554 1751 μολοβόοειόές.
599 1667 679 1734 (lum
702 1668 788 1752 apud
804 1668 954 1734 Photium
976 1668 1058 1734 haec
1078 1668 1188 1752 glossa
1209 1669 1260 1736 bis
1282 1689 1334 1737 oc·

182 1775 297 1854 currat,
320 1770 431 1837 Nabar
445 1767 488 1835 ad
502 1768 652 1834 Photium
664 1767 703 1835 Π.
715 1788 747 1852 p.
760 1772 810 1834 72.
825 1774 889 1836 not.
903 1775 931 1834 5.
944 1774 976 1835 et
988 1772 1017 1835 8.
1033 1769 1169 1836 alteram
1184 1789 1202 1835 e
1217 1769 1333 1857 priore,

183 1874 319 1941 alteram
340 1893 359 1938 c
381 1869 558 1956 posteriore
573 1869 648 1936 Aeli
662 1869 798 1953 Dionysi
821 1869 959 1937 editione
980 1870 1139 1955 prodiisse
1161 1871 1333 1941 contendit.

182 1974 306 2041 Eodem
328 1974 397 2039 iure
419 1973 522 2038 altera
544 1989 671 2054 quoque
692 1971 802 2056 glossa
823 1971 866 2036 ad
880 1971 1060 2045 Pausaniae
1082 1955 1223 2058 lexicon,
1247 1973 1333 2055 quod

183 2094 339 2160 persaepe
372 2073 486 2141 eadem
520 2072 672 2140 habuisse
701 2078 798 2154 atque
826 2072 1016 2158 Dionysium
1048 2094 1112 2141 non
1139 2075 1334 2158 ignoramus,

183 2177 328 2245 reuocari
355 2172 466 2261 potuit.
510 2175 596 2241 Num
625 2174 770 2241 scholion
791 2175 892 2242 Thac.
920 2175 1033 2254 redeat
1061 2174 1105 2240 ad
1132 2175 1332 2260 Dionysium,

183 2277 316 2344 dubium
338 2275 479 2362 uidetur,
510 2293 704 2360 quamquam
725 2277 816 2341 nulla
842 2282 949 2362 potest
969 2277 1103 2362 proferri
1125 2295 1239 2360 causa,
1269 2296 1334 2360 qua

179 2381 242 2447 hoc
269 2379 340 2447 fieri
367 2399 431 2444 non
458 2398 554 2462 posse
585 2377 828 2444 demonstretur.
871 2378 956 2443 Nam
979 2375 1065 2458 quod
1088 2377 1205 2444 Suidas
1226 2377 1332 2461 priore

179 2483 253 2547 loco
274 2481 415 2561 glossam
430 2477 525 2545 Photi
547 2477 654 2558 habet,
677 2476 795 2544 deinde
810 2477 955 2544 scholion
970 2477 1216 2562 Thucydidcum
1231 2476 1332 2562 addit,
1388 2501 1391 2506 ’

178 2579 261 2648 nihil
289 2581 403 2658 refert,
433 2578 509 2660 quia
537 2577 594 2645 ille
624 2577 768 2646 codicem
798 2595 889 2643 suum
920 2584 952 2644 et
979 2578 1074 2645 Photi
1104 2586 1249 2647 auctores
1278 2599 1331 2647 ex·

179 2681 317 2765 scripsit.
362 2678 543 2747 Scholiasta
564 2680 661 2762 igitur
683 2687 715 2745 et
730 2678 863 2745 Photius
885 2681 1022 2747 fortasse
1045 2702 1086 2748 ex
1108 2680 1222 2747 eodem
1244 2681 1333 2748 fonte

180 2784 364 2849 hauserunt.
372 2781 395 2865 ¹)
432 2780 484 2847 De
505 2780 567 2847 hoc
581 2779 738 2846 uocabulo
753 2782 820 2846 fere
835 2799 945 2847 omnes
967 2781 1212 2866 lexicographos
1227 2781 1333 2866 egisse

180 2883 255 2950 indc
286 2887 406 2949 certum
434 2882 486 2966 fit,
515 2880 601 2964 quod
628 2880 715 2966 apud
736 2881 933 2966 Hesychinm
964 2883 1103 2966 quinque
1131 2884 1256 2966 glossas
1284 2882 1332 2950 in·

180 2985 342 3052 uenimus:
929 2998 933 3005 ·

335 3085 467 3150 ιιολιοιλ·
490 3084 656 3166 μέλαιναι.

335 3182 511 3251 πολιονόν·
534 3183 690 3269 μολύβδῳ
714 3182 821 3260 ἐοικὸς
842 3183 926 3250 κατὰ
949 3184 1008 3272 τὴν
1027 3183 1139 3272 χρόαν.

335 3284 508 3353 πελιδνόν·
530 3286 634 3367 μέλον
656 3280 702 3360 ὡς
723 3284 889 3369 μόλυβδος
910 3275 931 3368 ἢ
954 3278 1111 3372 ὕφαιμον.

335 3389 464 3454 πολιοί·
487 3387 626 3470 μέλανες
647 3381 693 3462 ὡς
715 3379 817 3471 ὠχροὶ
839 3376 860 3473 ἢ
879 3385 1013 3470 χλωροί.

335 3487 508 3556 πολιννόν·
530 3485 658 3567 πολιόν,

136 3663 139 3668 ,
182 3594 216 3659 in
245 3591 360 3674 quibus
394 3589 510 3674 glossis
541 3590 687 3659 omnibus
715 3585 843 3671 singula
871 3606 942 3653 cum
971 3586 1093 3653 scholio
1121 3593 1229 3654 nostro
1257 3607 1331 3655 con-

183 3693 323 3760 ueniunt.
361 3690 438 3759 Sine
460 3691 556 3758 dubio
578 3690 731 3757 nonnulla
745 3687 877 3756 aliunde
898 3688 1090 3773 interpolata
1104 3692 1189 3771 sunt,
1212 3694 1247 3753 ut
1265 3688 1330 3753 iam

129 3834 143 3853 '
272 3846 296 3908 1)
313 3840 414 3897 Moeris
431 3857 458 3910 p.
471 3844 529 3895 ³25.
550 3839 671 3894 Picrsom
689 3837 785 3893 habet:
812 3835 942 3891 πελιτνὸν
958 3836 1010 3890 σὺν
1025 3838 1068 3904 τῷ
1083 3841 1101 3892 ἱ
1115 3829 1259 3899 Ἀττικῶν,
1283 3855 1331 3889 ιιι-
1403 3849 1409 3860 ·

185 3922 281 3979 &dodo
296 3921 314 3992 ἢ
331 3923 427 3981 πελιὸν
443 3926 553 3989 κοινῶς,
571 3923 686 3992 exempli
703 3937 788 3977 causa
805 3920 841 3976 ci.
859 3920 959 3976 Alexin
978 3921 1008 3975 iu
1024 3919 1241 3987 Pharmacopola
1258 3919 1332 3989 apud

185 4010 282 4065 Athen.
292 4009 342 4065 III.
354 4026 382 4079 p.
395 4014 449 4065 107.
460 4008 508 4064 D.:
527 4003 682 4074 αἰσχύνεται
699 4004 750 4080 γὰρ
767 4003 898 4060 aedredo
915 4000 947 4058 ὃν
960 4005 1002 4096 τοῦ
1014 4001 1123 4070 σώματι
1135 4001 1192 4057 scil.
1205 3996 1331 4069 ἡπάτιον.
