3142 4700
175 261 177 264 Ι
225 307 285 366 140
661 304 796 361 Emestus
813 305 943 361 Schwabe

223 472 269 545 δι’
302 471 501 566 ἀμφοτέρων
528 489 638 564 χωρεῖ.
683 476 773 543 Haec
799 477 924 561 glossa,
954 497 1036 560 quae
1065 498 1194 563 prorsus
1225 479 1374 547 conuenit

223 602 294 648 cum
316 581 437 649 schoho
457 581 556 647 Thac.
569 581 594 645 I.
609 585 669 663 55,
692 580 846 665 optimam
869 580 1047 648 doctrinam
1069 580 1193 649 redolet
1214 589 1311 662 atque
1334 602 1373 648 eo

223 685 325 768 magis
357 682 537 749 mirandum
570 686 635 766 est,
669 670 754 765 quod
784 682 882 751 ceteri
915 682 1135 766 lexicographi
1163 683 1215 750 uel
1244 683 1372 750 omnino

223 792 345 870 tacent,
373 787 420 852 uti
442 785 573 852 Photics
596 791 628 850 et
655 785 761 851 lexica
782 785 991 870 Segneriana,
1023 786 1075 851 uel
1102 786 1227 869 glossas
1254 787 1372 853 nullius

222 887 317 972 pretii
338 890 516 973 proferunt,
540 886 586 954 uti
607 886 788 971 Hesychius
811 894 843 952 et
864 886 1059 954 Eustathius.
1099 887 1207 953 Paene
1228 887 1293 953 iam
1315 888 1370 954 de-

222 989 364 1075 speranti
385 989 463 1055 mihi
485 1010 557 1056 cum
578 988 701 1056 scholia
715 989 964 1056 Demosthenioa
986 988 1018 1052 in
1038 1009 1150 1056 manus
1171 988 1367 1073 incidissent,

222 1093 257 1158 in
272 1092 392 1158 scholio
407 1091 508 1157 altero
523 1090 566 1156 ad
581 1098 659 1157 orat.
673 1096 723 1174 51,
740 1096 786 1157 13.
802 1093 959 1174 glossam,
981 1111 1078 1174 quarn
1093 1111 1190 1176 supra
1204 1090 1305 1175 attuli,
1328 1091 1372 1158 ad

223 1195 357 1260 uerbum
372 1192 539 1277 repetitam
555 1212 626 1260 esse
641 1195 790 1278 cognoui,
813 1193 898 1275 quod
921 1192 998 1259 mihi
1020 1198 1207 1277 argumento
1229 1199 1286 1276 est,
1309 1193 1371 1261 hoc

221 1294 365 1362 scholion
395 1313 436 1358 cx
465 1295 611 1361 atticistis
640 1302 800 1381 sumptum
828 1294 942 1375 esse.¹l
987 1295 1101 1360 Mirum
1124 1293 1227 1360 uideri
1255 1301 1370 1380 potest,

222 1397 307 1479 quod
330 1396 462 1462 Photius
490 1396 569 1462 nihil
599 1398 746 1480 tradidit,
776 1398 834 1463 sed
863 1397 914 1464 uel
943 1417 984 1462 ex
1005 1396 1173 1463 Eustathio
1201 1416 1273 1462 eum
1295 1419 1371 1464 non·

222 1499 311 1564 nulla
332 1498 542 1564 atticistarum
564 1500 743 1582 fragmenta
771 1484 920 1565 omisisse
938 1500 1068 1584 scimus,
1099 1498 1132 1564 id
1155 1499 1241 1583 quod
1263 1501 1371 1566 Neber

223 1601 342 1687 optime
365 1598 602 1666 demonstrauit.
687 1686 690 1691 Α

308 1702 451 1769 Alterum
475 1702 656 1788 exemplum
679 1707 728 1768 est
749 1702 893 1770 scholion
915 1703 1181 1768 basanites:
1211 1695 1371 1789 προύρ-

221 1809 459 1891 γιαίτερον·
482 1802 741 1892 προτιμότερον,
766 1823 830 1885 qua
852 1805 892 1872 dc
915 1824 993 1871 uoce
1008 1805 1132 1887 reliqua
1146 1804 1251 1872 lexica
1265 1806 1372 1871 omnia

223 1912 330 1973 tacent
351 1911 478 1991 praeter
493 1904 640 1989 Suidam,
663 1905 718 1988 qui
740 1906 839 1972 habet
853 1898 1150 1994 προῦρνιαίτατον·
1173 1908 1229 1972 καὶ
1244 1900 1370 1993 προύρ-

155 2041 182 2088 χ
221 2013 405 2095 γιαίτερον·
430 1999 700 2092 ἀναγκαιότατον,
724 2005 982 2095 προτιμότατον.
1027 2009 1091 2076 Res
1112 2009 1210 2093 igitur
1231 2009 1370 2076 maxime

223 2115 308 2178 esset
330 2108 443 2192 dubia,
474 2109 525 2174 cui
546 2109 629 2176 hanc
649 2109 792 2194 glossam
815 2110 1019 2195 deberemus,
1048 2110 1110 2176 nisi
1131 2132 1257 2178 omnem
1279 2112 1369 2178 dubi-

222 2213 373 2279 tationem
403 2211 495 2278 nobis
524 2211 677 2277 eximeret
705 2209 848 2279 scholion
867 2212 919 2277 ad
948 2212 1113 2279 Demosth.
1142 2219 1220 2279 orat.
1237 2218 1287 2298 et,
1303 2217 1369 2279 hb:

222 2308 405 2402 προῦργου·
429 2309 494 2399 πρὸ
512 2311 617 2399 ἔργον.
634 2316 804 2401 συμφέρον
819 2313 931 2379 πλέον.
952 2319 1237 2401 προυργιαίτερον.
1254 2307 1369 2400 ἄναγ-

221 2415 314 2483 anco
323 2433 458 2502 τερον·
491 2413 528 2481 τὸ
554 2412 618 2503 πρὸ
644 2414 737 2502 ἐ’ργοο
762 2414 987 2502 αἱρετώτερον.
1011 2413 1048 2481 τὸ
1072 2415 1138 2504 πρὸ
1162 2419 1221 2481 τοῦ
1243 2415 1370 2495 παντὸς

221 2521 281 2584 τοῦ
303 2516 397 2604 ἔργον
419 2517 606 2603 γινόμενον·
633 2516 953 2604 προτιμότερον.
991 2520 1136 2585 Eundem
1158 2518 1255 2602 igitur
1276 2520 1369 2586 trium

221 2621 399 2704 glossarum
422 2628 581 2687 auctorem
605 2619 773 2703 habemus,
804 2620 857 2701 qui
880 2620 955 2702 quin
976 2620 1150 2705 Dionysius
1176 2622 1229 2686 uel
1251 2623 1370 2687 Pausa-

221 2724 292 2789 nias
314 2722 416 2815 fuerit,
440 2722 510 2805 quis
532 2729 596 2805 cst,
620 2722 674 2803 qui
696 2722 760 2787 iam
783 2720 930 2787 dubitet?
966 2723 1135 2789 Praeterea
1151 2743 1169 2788 e
1183 2724 1369 2807 fragmentis

222 2824 417 2892 conseruatis
447 2824 603 2890 atticistas
632 2823 776 2890 Platonis
805 2822 1054 2890 studiosissimos
1085 2824 1184 2891 fuisse
1220 2832 1253 2891 et
1284 2825 1369 2893 illius

222 2927 351 2993 scholiis
374 2927 491 3008 multas
521 2927 729 2992 atticistarum
752 2945 831 3008 opes
860 2913 1014 2991 contineri
1045 2925 1128 2993 inter
1156 2946 1266 2993 omnes
1296 2948 1367 2993 con-

221 3035 294 3095 stat.
328 3026 449 3107 Quibus
472 3028 608 3095 euolutis
630 3026 773 3092 inuenies
794 3025 881 3092 idem
898 3025 1040 3093 scholion
1056 3028 1102 3107 ad¹
1112 3028 1255 3095 Platonis
1271 3029 1366 3112 Gorg.

220 3151 252 3215 p.
266 3133 327 3195 458
341 3128 389 3196 Q:
422 3120 713 3216 προύργιαίτερον·
737 3125 989 3216 προτιμότερον,
1013 3128 1097 3195 unde
1118 3130 1183 3196 iam
1198 3136 1284 3198 certo
1303 3152 1369 3198 cer·
1451 3155 1453 3158 ·

221 3232 284 3299 tius
306 3237 441 3318 apparet
462 3231 619 3297 attioistas
640 3228 734 3296 huius
757 3228 974 3297 adnotationis
995 3238 1142 3297 auctores
1163 3231 1271 3299 fuisse.

306 3333 412 3400 Hasce
433 3335 558 3416 glossas
579 3331 693 3416 habui,
718 3351 798 3414 quas
819 3332 862 3399 ad
877 3333 1003 3400 Aelium
1018 3332 1209 3418 Dionysium
1232 3335 1367 3411 etPau-

310 3558 333 3619 1)
351 3553 491 3623 Boysenus
508 3569 534 3622 p.
545 3557 585 3606 ts.
603 3556 703 3612 iniuria
720 3557 819 3612 multas
834 3553 1013 3608 atticistarum
1029 3552 1134 3619 glossas
1152 3551 1180 3606 in
1199 3552 1368 3607 scholiisin-

221 3638 308 3692 ueniri
325 3637 447 3705 negauit,
470 3654 557 3706 neque
579 3640 648 3696 bene
670 3641 737 3697 iecit
754 3637 949 3702 Schwartzius,
975 3636 1045 3705 quod
1068 3636 1232 3692 scholiorum
1255 3638 1368 3707 farragi-

220 3739 269 3778 nes
287 3723 322 3777 ad
339 3722 542 3778 instaurandam
555 3723 667 3794 Dionysi
684 3724 834 3780 doctrinam
851 3723 946 3777 omisit.
982 3722 1073 3776 Etiam
1091 3737 1123 3775 ex
1141 3722 1183 3776 his
1199 3722 1305 3777 laciniis
1322 3723 1369 3775 hic

220 3807 276 3862 illic
293 3808 398 3862 ratione
416 3813 443 3862 et
460 3806 593 3861 industria
617 3809 736 3864 adhibita
759 3808 910 3877 fragmenta
933 3806 1114 3861 atticistarnm
1131 3822 1154 3861 e·
1165 3807 1297 3873 tenebris,
1322 3808 1369 3862 ubi

221 3907 270 3961 per
288 3899 329 3947 tot
347 3892 456 3947 saecula
473 3892 624 3959 latuerunt,
648 3893 677 3948 in
701 3893 789 3948 lucem
806 3897 922 3963 possunt
938 3892 1069 3962 protrahi.
1104 3892 1199 3962 Neque
1216 3898 1306 3946 tamm
1322 3892 1368 3946 hic

222 3976 370 4031 Schwartzi
386 3993 463 4050 error
480 3977 588 4033 uidetur
605 3993 672 4045 esse,
691 3979 738 4034 sed
757 3979 848 4048 potius
860 3978 970 4044 Nabari,
989 3993 1067 4045 quem
1084 3978 1164 4033 nimis
1180 3992 1262 4032 caeco
1276 3992 1369 4032 amore

220 4058 266 4113 illc
284 4066 393 4115 secutus
411 4066 461 4116 est.
