3142 4700
311 319 488 387 quaestiones
507 320 540 374 de
557 319 722 376 scholiorum
740 319 976 390 Thucydideorum
993 319 1122 391 fontibus.
1251 321 1291 378 89
1406 364 1418 382 0

30 524 31 527 ¹
144 517 204 579 την
227 480 294 555 dul
317 492 432 567 τέλους
454 488 521 572 ἔχει
541 490 600 579 τὴν
618 485 738 571 ὀξεῖαν,
763 490 834 556 οἷον
848 488 976 580 κεφαλὴ
998 490 1190 579 κεφάλαιον,
1213 490 1292 579 γυνὴ

145 593 295 679 γύναιον
324 586 407 660 ὅθεν
434 595 489 659 καὶ
512 591 638 682 τρσπὴ·
670 591 846 680 τρόπαιον.
870 592 902 658 oi
926 592 962 657 δὲ
984 594 1128 659 παλαιαὶ
1148 586 1293 659 Ἀττικοὶ

146 699 374 781 περισπῶσιν,
398 698 437 762 cl.
453 694 572 762 Herod.
596 694 645 762 ed.
662 697 769 762 Lentu.
784 697 809 761 I.
832 717 863 780 p.
876 698 947 763 369.
981 695 1087 762 Schol.
1110 697 1143 762 in
1159 696 1292 780 Dionys.

29 792 31 851 Ϊ
146 803 280 884 678,19.
324 798 476 865 Fortasse
506 798 602 865 etiam
631 797 729 864 ceteri
751 798 889 864 Tzetzae
918 799 1068 865 uersiculi
1089 797 1133 863 ad
1155 797 1292 864 Choerc·

146 901 235 968 bosci
251 900 427 966 doctrinam
449 899 591 966 redeunt.
629 899 696 967 Sed
717 899 793 980 quia
808 898 1022 967 Choerohosci
1038 900 1195 966 editiones
1210 899 1294 983 aptis

145 1002 305 1069 indicibus
327 1019 454 1086 prorsus
475 1008 600 1093 carent,
624 1002 705 1068 alios
726 1003 815 1068 locos
837 1003 942 1068 nullos
964 1003 1106 1069 inuenire
1129 1000 1227 1086 potui.
1343 1080 1346 1085 ,

681 1275 752 1353 sa
1150 1357 1152 1361 ,

231 1409 296 1475 Alii
318 1408 519 1492 grammatici
533 1409 567 1474 in
581 1408 710 1474 scholiis
721 1410 842 1476 nostris
856 1431 921 1476 non
936 1409 1123 1493 laudantur,
1146 1409 1203 1476 sed
1222 1408 1295 1493 ipsa

146 1532 198 1579 res
220 1513 349 1595 suadet,
378 1516 413 1577 ut
440 1499 632 1577 scholiastes
660 1532 701 1577 ex
729 1512 857 1577 illorum
879 1512 970 1578 libris
991 1511 1144 1577 nonnulla
1165 1511 1198 1576 in
1220 1531 1295 1577 suas

146 1614 324 1696 farragines
346 1613 517 1679 inseruisse
533 1612 708 1679 credamus.
746 1615 794 1679 Ac
815 1614 844 1678 si
858 1613 988 1695 quidem
1002 1611 1199 1678 Ammonii
1217 1613 1294 1678 lexi-

146 1736 206 1781 con
220 1721 472 1800 perscrutamur,
495 1712 581 1797 quod
602 1715 695 1781 tertio
716 1720 789 1800 post
804 1714 877 1781 (ihr.
892 1738 924 1782 n.
939 1716 1068 1781 sacculo
1084 1714 1295 1798 conscriptum

146 1821 212 1898 est,
242 1836 340 1882 unam
368 1815 498 1901 quidem
525 1816 666 1897 glossam
695 1820 806 1900 aperte
834 1837 906 1882 cum
933 1817 1063 1882 scholiis
1084 1816 1201 1882 nostris
1223 1836 1294 1883 con-

147 1918 321 2002 spirantem
343 1917 521 1985 inuenimus
542 1939 574 2002 p.
586 1920 637 1984 97.
667 1918 716 1984 ed.
745 1918 915 1984 Valcken:
949 1924 1091 2004 ναυαγία
1119 1922 1179 2001 μέν
1206 1915 1295 1984 ἐστιν

148 2012 229 2106 ἀὐτὴ
252 2014 271 2107 ἡ
295 2022 353 2106 τῆς
376 2016 452 2107 νηὸς
475 2018 667 2107 διαφθορά·
698 2017 854 2104 ναυάγιον
877 2019 913 2085 di
935 2017 972 2085 cd
997 2018 1034 2098 ἐξ
1055 2013 1156 2108 αὐτῆς
1178 2018 1296 2108 ἐκβρα-

148 2126 246 2202 σθέν,
270 2141 334 2204 qua
347 2115 428 2188 'cum
448 2122 558 2205 glossa
579 2124 707 2190 confero
735 2122 880 2188 scholion
902 2122 1038 2189 Thucl.
1051 2129 1118 2190 50.:
1155 2121 1296 2208 ναυάγια

146 2223 206 2307 μὲν
229 2216 410 2311 οὐδετέρως
425 2225 567 2308 λέγεται,
591 2216 671 2289 ὅταν
693 2249 727 2290 σι
744 2227 804 2312 τῆς
819 2222 900 2301 νειὸς
915 2217 1085 2311 ἀπόληται
1100 2223 1170 2290 οἷον
1185 2222 1296 2312 πηδά-

148 2327 218 2392 λισν
247 2319 268 2414 ἢ
296 2351 329 2392 σι
356 2329 523 2393 τοιοῦτον·
559 2331 700 2413 ναυαγία
729 2326 764 2392 δὲ
785 2327 940 2414 θηλυκῶς
962 2323 982 2415 ἡ
1005 2329 1101 2406 πᾶσα
1129 2330 1186 2414 τῆς
1215 2324 1296 2404 νειὸς

148 2421 302 2494 ἀπώλεια
324 2429 469 2513 λέγεται·
502 2426 545 2493 τὰ
568 2428 604 2493 δὲ
626 2432 683 2494 νῦν
705 2422 887 2516 οὐδετέρως
910 2427 1046 2517 εἴρηκεν.
1090 2430 1170 2496 (ium
1191 2430 1298 2521 lexiea

148 2535 255 2597 cetera
276 2530 356 2596 nihil
372 2530 528 2598 eiusmodi
549 2531 700 2613 habeant,
723 2530 856 2598 dubium
873 2538 1010 2616 nonest,
1034 2532 1109 2614 quin
1124 2531 1297 2598 scholiasta

148 2633 218 2700 siue
240 2655 282 2699 ex
296 2633 465 2698 Ammonio
487 2632 555 2698 siue
578 2651 596 2697 e
618 2634 705 2699 fonte
728 2635 887 2701 communi
908 2634 1059 2701 hauserit.
1104 2635 1154 2700 De
1177 2654 1241 2718 qua
1262 2655 1297 2701 re

148 2755 220 2801 cum
241 2734 303 2800 uiri
324 2735 409 2800 docti
432 2734 559 2800 omnino
581 2756 644 2801 non
659 2736 909 2819 disputauerint,
932 2734 1076 2819 longiore
1099 2736 1296 2819 quaestione,

149 2856 244 2919 quam
267 2838 318 2903 cui
340 2857 423 2903 nunc
445 2856 613 2921 necamus,
635 2836 679 2903 ad
701 2857 772 2913 earn
795 2859 862 2903 rem
885 2836 1120 2922 expediendam
1135 2857 1214 2921 opus
1230 2844 1297 2921 est;

148 2938 183 3004 id
203 2960 301 3005 unum
323 2937 457 3023 affirmo,
480 2940 632 3005 nonnulla
653 2939 874 3024 atticistarum,
895 2940 989 3024 plura
1006 2939 1184 3022 Ptolemaei
1198 2940 1297 3005 Asca-

149 3041 270 3106 lonitae
284 3041 324 3106 in
346 3041 408 3107 hac
430 3042 537 3126 opella
557 3041 767 3127 synonymiae
788 3043 895 3109 inesse
910 3039 1021 3109 uideri.
1056 3044 1230 3108 Praeterea
1250 3042 1296 3105 in-

149 3141 293 3207 uenimus
308 3141 532 3227 Thucydidem
549 3143 677 3227 saepius
698 3145 741 3209 ab
762 3144 932 3211 Ammonio
954 3145 1135 3228 laudatum,
1159 3143 1197 3210 cf.
1213 3145 1296 3228 glos-

149 3264 218 3310 sam
240 3241 425 3329 βάραθρον,
448 3263 545 3325 quam
566 3245 649 3310 inira
670 3245 882 3312 atticistarum
905 3266 975 3313 esse
998 3244 1297 3328 demonstrabimus,

67 3333 72 3338 ⁹
150 3366 283 3428 quorum
311 3331 339 3410 a
359 3345 448 3410 libris
478 3346 603 3428 glossas
630 3346 874 3430 synonymicas,
904 3367 986 3429 quae
1016 3347 1185 3412 formulam
1207 3347 1298 3413 illam

149 3447 336 3514 sollemnem
364 3442 406 3510 τὰ
431 3448 488 3511 καὶ
516 3443 558 3510 τὰ
589 3445 808 3534 διαφέρουσιν
836 3448 972 3532 habent,
1003 3469 1066 3514 non
1095 3448 1191 3532 plane
1220 3449 1297 3517 alie·

149 3568 208 3614 nas
229 3549 328 3614 fuisse
355 3548 450 3615 docet
470 3547 603 3615 Plotius
625 3568 650 3614 e.
665 3570 696 3615 u.
725 3546 851 3636 ἑώρων,
881 3546 973 3625 ἱστὸς
1000 3549 1209 3634 eaduceator,
1240 3552 1298 3638 λῃ-

151 3673 272 3717 essuos.

686 3823 757 3902 §4

235 3958 362 4040 Restat,
384 3964 430 4023 ut·
441 3963 673 4051 perscrutemur
686 3957 881 4025 Moeridis
896 3956 1104 4045 πονημάτισν
1122 3960 1162 4026 cf.
1178 3962 1299 4028 Naberi

52 4100 56 4108 ·
150 4061 275 4147 proleg.
298 4060 341 4126 ad
362 4059 455 4127 Phot.
478 4081 509 4144 p.
525 4061 598 4143 103,
629 4059 662 4124 in
684 4080 746 4143 quo
775 4061 886 4128 libello
910 4065 974 4125 tres
1003 4059 1065 4126 loci
1086 4060 1298 4148 inueniuntur,
