3142 4700
285 319 345 376 126
719 317 853 372 Emestus
871 316 1001 372 Schwabe
1101 292 1106 300 ’

282 490 404 557 scholio
432 488 476 553 ad
497 489 658 574 Aristoph.
681 489 788 572 liquit.
813 493 916 573 1331,
937 489 1022 555 Nub.
1045 490 1116 554 984.
1160 489 1235 554 Etsi
1257 488 1291 553 id
1313 494 1432 554 certum

284 597 333 659 est
354 591 512 658 atticistas
534 591 630 657 etiam
653 592 786 657 multum
810 591 842 657 in
863 591 967 675 poetis
989 589 1117 657 comicis
1139 595 1283 656 uersutus
1305 610 1376 657 esse
1392 593 1431 657 cf.

281 695 373 760 Phot.
397 693 474 759 bibl.
490 693 560 760 cod.
575 696 655 776 152,
678 700 784 758 tamen
807 692 849 758 ad
865 692 1111 776 Aristophanem
1134 691 1359 775 explicandum
1383 697 1431 758 tot

282 814 394 860 manns
422 814 602 878 accessere,
631 801 666 861 ut
694 793 916 860 difficillimum
944 794 1000 878 sit,
1028 813 1085 859 suo
1108 806 1267 875 quamque
1289 789 1432 879 glossam

159 979 161 983 Ι
282 899 405 963 auctori
417 897 598 963 attribuere.
636 896 786 963 Fortasse
801 917 819 961 e
835 896 975 980 Didymo
997 895 1099 980 petita
1122 901 1170 962 est
1192 895 1372 980 explicatIo,
1398 901 1434 961 ut

282 998 483 1082 Gosliugsins
497 1021 527 1084 p.
543 1004 591 1063 15.
606 997 764 1064 adfirmat.
800 998 880 1064 Oum
897 1004 1004 1063 tamen
1026 1003 1156 1083 propter
1176 997 1325 1079 rationes,
1350 1016 1431 1078 quas

281 1102 346 1167 iam
368 1101 496 1186 saepius
519 1098 667 1184 exposui,
696 1101 778 1166 haec
798 1120 850 1168 res
871 1101 915 1166 ad
937 1105 1056 1168 certum
1083 1097 1178 1165 finem
1206 1098 1338 1183 perduci
1365 1120 1433 1165 non

281 1189 391 1287 pessit,
414 1202 514 1268 satius
534 1202 638 1269 estad
654 1202 856 1287 Pamphilum
871 1220 1047 1284 recurrere,
1071 1200 1160 1267 cuius
1174 1221 1215 1267 ex
1231 1201 1345 1285 opibus
1361 1201 1431 1267 sinc

282 1303 380 1370 dubio
403 1303 595 1370 scholiastae
622 1312 654 1372 et
683 1306 877 1393 glossatores
903 1304 986 1370 banc
1014 1302 1260 1387 explicationem
1290 1322 1432 1387 sumpse·

282 1411 361 1471 runt.
409 1406 625 1472 Probabiliter
656 1406 752 1491 igitur
783 1406 844 1473 hoc
873 1405 1088 1498 Goslingsium
1120 1404 1300 1471 coniecIsse'
1325 1423 1431 1486 neque

281 1527 358 1574 uero
388 1505 622 1574 demonstrasse
650 1507 765 1575 indico.
817 1511 853 1574 In
881 1506 1093 1592 Thucydides
1119 1525 1196 1571 ucro
1223 1506 1347 1572 scholia
1373 1527 1433 1589 per

282 1609 437 1675 atticistas
459 1615 582 1675 tantum
604 1610 713 1692 glossa
733 1610 873 1694 irrepere
894 1609 1005 1694 potuit.
1050 1608 1102 1673 Ad
1123 1628 1190 1673 rem
1217 1606 1321 1693 ipsam
1352 1609 1433 1673 mul-

283 1715 386 1778 torum
409 1711 662 1778 contentionibus
684 1712 839 1797 agitatam
859 1710 912 1794 (cf.
929 1712 1006 1778 Birt.
1022 1711 1054 1775 in
1068 1710 1148 1776 Mus.
1163 1708 1265 1777 Rhen.
1281 1710 1431 1777 XXXIV.

282 1813 345 1892 ,de
367 1814 594 1898 tettigophoria
616 1818 779 1881 ueterum“
803 1820 835 1880 et
857 1814 983 1880 libellos
1005 1812 1051 1878 ibi
1072 1809 1232 1895 laudatos)
1257 1812 1320 1877 duo
1343 1812 1432 1879 testi-

283 1916 390 1982 monis
410 1914 551 1982 nondum
569 1916 719 1982 adhibita
745 1915 872 1982 adfero:
900 1915 1031 1998 Lucian.
1052 1913 1163 1979 Naufr.
1180 1917 1224 1978 3.:
1252 1926 1322 1990 τοῖς
1345 1939 1431 2000 τρο-

281 2016 392 2102 χόνοις
412 2012 504 2103 ἡμῶν
528 2013 634 2083 ἐδόκει
655 2015 755 2083 καλὸν
778 2012 865 2082 εἶναι
885 2018 990 2099 κομᾶν
1011 2012 1090 2091 τοὺς
1110 2019 1266 2101 γέροντας
1289 2008 1432 2081 ἀναδου-

281 2122 400 2202 μένους
414 2117 582 2204 κρωβύλον
597 2113 663 2183 tm)
678 2122 802 2204 τέττιγι
814 2121 926 2205 χρυσῷ
945 2110 1201 2204 ἀπειλημμένον,
1222 2125 1255 2184 et
1270 2118 1431 2184 Heraclid.

163 2259 166 2263 .
281 2223 368 2307 apud
391 2221 505 2288 Athen.
520 2222 593 2286 XII.
609 2242 639 2305 p.
653 2220 772 2287 5120:
795 2219 978 2308 κορύμβους
993 2219 1029 2283 δὲ
1044 2212 1264 2302 ἀναδούμενοι
1278 2223 1344 2285 τιῦν
1358 2245 1431 2304 τρι-

279 2326 347 2406 χῶν
359 2326 499 2409 χρυσοῦς
514 2328 664 2410 τέττιγας
678 2323 758 2411 περὶ
772 2320 809 2389 τὸ
825 2326 982 2407 μέτωπον
996 2323 1052 2388 καὶ
1067 2319 1129 2396 τὰς
1150 2319 1255 2405 κόμας
1277 2318 1430 2411 ἐφόρουν,
1549 2322 1556 2335 '

283 2446 367 2508 quae
388 2428 572 2492 Athenaeus
594 2448 612 2493 e
634 2427 747 2492 libello
768 2426 850 2512 περὶ
871 2419 991 2512 ἡδονῆς
1012 2425 1190 2509 adscripsit.

369 2529 559 2595 Accedimus
581 2529 646 2593 iam
668 2527 711 2592 ad
733 2528 951 2610 quaestionem
973 2525 1210 2612 difficillimum,
1240 2545 1336 2608 qnam
1356 2526 1431 2592 ideo

282 2629 439 2714 attingere
467 2631 580 2715 uelim,
608 2636 644 2696 ut
671 2630 826 2696 nonnulla
852 2629 1027 2696 lexicorum
1055 2627 1186 2713 menda,
1216 2648 1298 2711 qnae
1326 2628 1432 2695 adbuc

282 2733 392 2816 latent,
409 2731 607 2815 detegantur.
634 2732 800 2799 Habemus
815 2731 957 2798 scholion
971 2731 1071 2796 Thuc.
1083 2732 1137 2799 IV.
1146 2734 1212 2797 ts:
1234 2729 1432 2818 παραιρή-

281 2857 385 2916 ματα
400 2830 619 2921 ποιοῦντες]
643 2829 689 2911 ὡς
704 2823 744 2899 δν
760 2832 790 2898 εἰ
805 2831 895 2918 ἔλεγέ
908 2854 960 2907 τις
973 2831 1166 2914 τελαμιῦνάς
1180 2857 1274 2909 τινας
1288 2824 1431 2913 διττοσχί-

175 2967 179 2972 ’
283 2934 392 3013 ζοντες
405 2938 472 3001 τῶν
488 2936 638 3026 ἱματίων,
662 2927 772 3022 ὥςπερ
789 2934 893 3014 ζώνας
904 2931 1047 3017 ζένιοίουν
1068 2936 1125 2999 καὶ
1146 2935 1324 3011 πλέκοντες
1347 2930 1431 2999 αὐτὰ

281 3038 338 3102 καὶ
359 3039 534 3114 ποιοῦντες
556 3027 666 3125 ιδςττερ
689 3041 819 3118 σχοινία
841 3028 947 3111 uiroc
968 3028 1082 3117 αὐτοῖς
1108 3034 1249 3123 ἐχρῶντο
1278 3035 1374 3125 πρὸςι
1392 3035 1430 3102 τδ

282 3132 499 3224 ἀπάγχεσθαι
520 3139 587 3204 κτλ.
625 3142 675 3205 De
690 3140 847 3207 uocabulo
862 3140 932 3224 ipso
954 3140 1046 3205 multi
1066 3139 1266 3222 grammatici
1288 3140 1431 3224 disputa-

281 3246 404 3325 uerunt,
427 3245 465 3308 ci.
482 3242 598 3308 Moeris
611 3256 642 3326 p.
655 3245 727 3308 299.
749 3242 907 3308 Pinnem:
928 3238 1170 3329 παραιρήματα
1189 3243 1255 3306 τῶν
1279 3241 1430 3325 ἱματίων.

284 3342 488 3432 Θουκυδίδης
498 3337 670 3427 Ἀττικῶς;
685 3342 769 3410 unde
783 3343 971 3423 corrigenda
986 3343 1063 3409 mibi
1077 3343 1204 3411 uidetur
1214 3344 1307 3409 Photi
1322 3344 1433 3428 glossa

282 3444 562 3533 παραιρηματων·
585 3447 651 3510 τῶν
675 3445 817 3529 ἱματίων
841 3443 1054 3533 Θουκυδίδης,
1079 3446 1112 3511 in
1134 3465 1198 3527 qua
1219 3448 1307 3512 uocis
1329 3445 1432 3529 expli-

282 3548 364 3614 catio
378 3548 475 3632 plane
490 3547 609 3613 omissa
623 3551 681 3633 est,
699 3549 768 3615 sinc
783 3549 859 3631 quia
872 3546 1054 3632 patriarcha
1068 3549 1169 3613 uerba
1182 3548 1251 3631 ipsc
1266 3568 1329 3615 non
1344 3554 1431 3613 recte

1558 3037 1559 3044 r

1558 3209 1559 3220 t

1486 3367 1502 3382 x*
1558 3349 1559 3370 l

1558 3381 1559 3392 t

280 3649 440 3716 intellexit
460 3650 529 3716 sine
551 3649 751 3716 librariorum
773 3650 877 3733 culpa.
920 3649 1073 3715 ASuida
1094 3649 1175 3716 baec
1197 3650 1316 3716 tradita
1343 3656 1432 3716 sunt:
1558 3699 1559 3702 ,

281 3749 543 3837 παραιρήσεται·
575 3742 810 3838 ἀφαιρήσεται.
849 3750 1053 3839 Θουκυδίδης
1085 3750 1307 3839 ηδιέφθειραν
1341 3753 1432 3837 σφᾶς
1558 3797 1559 3822 χ

282 3845 401 3929 αὐτοὺς
423 3852 456 3918 οἱ
477 3851 537 3936 μὲν
561 3844 629 3918 ἀπὸ
652 3852 771 3942 κλινῶν
800 3851 978 3940 σντάρτοις,
1008 3854 1041 3920 οἱ
1065 3853 1101 3918 δὲ
1129 3850 1164 3917 ἐκ
1193 3856 1259 3918 τῶν
1287 3852 1431 3936 ἱματίων

281 3953 522 4041 παραιρήματα
551 3955 726 4031 ποιοῦντες
756 3954 940 4036 (τουτέστιν
970 3948 1204 4044 ἆφαιρήματα)
1234 3946 1432 4042 ἆιτίχχοντο,

282 4056 397 4139 quibus
412 4057 445 4122 in
460 4057 569 4123 uerbis
585 4058 700 4124 lacuna
714 4057 792 4123 mihi
807 4058 977 4125 statuenda
992 4058 1118 4124 uidetur·
1132 4078 1213 4144 esse,
1233 4059 1309 4139 quia
1325 4078 1432 4125 exom-
