3142 4700
330 359 505 426 Quraestiones
523 359 738 415 de'scholiornm
756 360 994 430 Thucydideorum
1010 360 1140 416 fontibus.
1273 365 1313 422 85

165 532 279 599 Aesch.
296 533 319 597 Ι.
337 536 386 598 64.
416 530 583 618 κρωβύλος
611 528 645 597 ἐν
674 529 778 619 ’έρσει;
811 531 912 623 schol.
934 531 1034 598 Thuc.
1047 533 1088 598 Il.
1102 536 1131 599 2.
1160 538 1192 599 et
1214 535 1313 602 schol.

166 634 280 701 Aesch.
293 634 317 700 I.
331 637 381 701 29.
397 636 537 717 θέμενοι
551 628 594 697 τὰ
610 625 709 699 ὅπλα.
746 632 892 700 Eundem
909 634 1006 717 igitur
1021 634 1185 717 utriusque
1199 636 1313 703 scholii

166 742 328 802 auctorem
356 736 521 802 hahemus.
565 734 650 814 Quid
676 736 778 802 vero?
815 734 1035 820 Habemusne,
1064 758 1120 803 cur
1141 738 1313 823 Aspasium

165 844 326 904 auctorem
343 857 414 904 esse
428 836 626 904 iudicemus?
658 839 760 904 Immo
776 857 869 919 uero,
890 828 1058 921 utrumque
1073 838 1217 906 scholion
1230 838 1313 906 infra

135 940 138 945 “
166 960 207 1005 ex
229 940 440 1006 atticisternm
462 938 574 1005 lexicis
598 937 777 1006 deriuatum
800 957 871 1005 esse
888 937 1200 1024 demonstrabimus,
1229 941 1314 1021 unde

166 1032 304 1109 efficitur
332 1041 485 1108 Meierum
514 1039 632 1125 (Praei.
660 1041 702 1107 ad
731 1041 1187 1132 Demosth.n1id.p.xv11.)
1215 1043 1313 1112 auda·

166 1144 233 1209 cius
256 1143 457 1211 contendisse
479 1143 520 1208 ab
543 1144 697 1228 Aspasio‚
720 1142 887 1211 Aeschinis
910 1144 1097 1228 interprete,
1121 1139 1312 1224 commenta'-

166 1245 230 1312 rios
252 1246 286 1311 in
308 1244 531 1330 Thucydidem
553 1246 747 1332 compositos
769 1267 848 1315 esse.
893 1246 1123 1341 Doberentzius
1145 1265 1221 1313 uero
1243 1247 1314 1331 ipse

165 1347 229 1414 sihi
250 1355 421 1433 repugnat,
452 1369 523 1415 cnm
544 1349 716 1431 Aspasium
738 1351 771 1415 in
793 1368 958 1415 nnmerum
980 1367 1090 1414 eorum
1111 1350 1244 1434 referat,
1274 1371 1314 1425 „e

98 1516 101 1523 Δ
167 1469 299 1532 quorum
315 1451 551 1517 commentariis
573 1448 771 1518 hauddubie
791 1452 892 1517 multa
913 1452 1014 1536 petita
1034 1454 1127 1515 sunt“
1149 1456 1182 1516 et
1203 1450 1314 1534 paucis

166 1557 289 1618 tantum
316 1551 463 1619 uersibus
492 1552 666 1619 interiectis
695 1552 774 1620 haec
804 1553 936 1620 scribat:
965 1571 1090 1634 „oreque
1119 1560 1226 1617 tamen
1248 1553 1312 1620 ullo

165 1654 279 1721 horum
308 1654 379 1720 loeo
401 1655 435 1720 in
455 1654 602 1738 'scholiis‚
633 1673 716 1736 quae
737 1677 822 1722 nunc
844 1660 988 1735 exstant,
1018 1654 1236 1719 commentarii
1258 1654 1313 1720 ad·

123 1824 130 1836 ,
165 1755 259 1821 hibiti
275 1746 346 1822 esse
360 1754 517 1840 uidentur,
540 1756 586 1821 ita
601 1760 635 1821 ut
650 1757 843 1824 scholiorum
859 1755 1088 1837 collectionem,
1105 1774 1200 1836 quem
1216 1754 1313 1822 hodie

165 1843 335 1940 hahemus,
365 1877 421 1924 eos
443 1858 474 1923 ei
487 1857 622 1943 ,ignotos
643 1858 742 1924 fuisse
763 1877 868 1943 paene
891 1857 1055 1927 existimes
1063 1863 1086 1940 “‚
1115 1856 1177 1923 nisi
1207 1858 1257 1923 his
1279 1857 1314 1924 in

164 1958 287 2041 uerbis,
317 1978 400 2041 quae
429 1959 616 2041 intellegere
638 1960 765 2028 omnino
794 1981 857 2026 non
881 1979 980 2043 queo,
1010 1981 1098 2026 error
1125 1959 1314 2045 typothetae

63 2098 67 2105 ·
163 2064 251 2128 latet.

187 2285 303 2353 CAPUT
324 2285 378 2353 lv.
422 2283 479 2347 Ex
501 2282 610 2369 quibus
630 2283 844 2366 prnmmoticr's
865 2292 900 2344 et
917 2281 1292 2366 lemicoycmplris‘ccle'olia

509 2384 709 2469 Thucydideo
731 2384 876 2446 doricam
897 2386 968 2450 sict.

250 2540 330 2606 (lum
353 2537 514 2620 omnihus,
544 2556 624 2618 quos
645 2536 838 2617 inuestigare
866 2538 972 2620 potui,
1001 2534 1199 2620 Thucydidis
1229 2556 1312 2602 com-

166 2639 395 2709 mentatoribus
418 2638 617 2724 perlustratis
639 2638 760 2702 nullam
781 2638 849 2704 fere
870 2659 942 2705 esse
963 2638 1050 2704 uiam
1071 2636 1312 2721 intellexissem,
1388 2651 1391 2658 '

167 2766 263 2829 quem
285 2747 412 2809 secutus
434 2739 557 2806 scholia
578 2739 731 2804 nonnulla
753 2738 850 2805 certis
872 2739 1054 2830 auctoribus
1080 2738 1220 2804 tribuere
1241 2758 1313 2821 pos·

165 2867 248 2932 sem,
278 2844 401 2912 scholia
429 2843 501 2926 ipsa
529 2840 606 2906 mihi
636 2839 854 2924 aggredienda
881 2860 952 2907 esse
980 2840 1107 2926 putaui,
1136 2859 1211 2904 num
1234 2840 1314 2908 forte

166 2950 241 3016 inde
263 2967 360 3014 unum
376 2946 429 3012 uel
444 2945 579 3030 alterum
594 2943 837 3026 grammaticum
852 2949 908 3009 aut
921 2940 1185 3027 lexicographum
1198 2942 1314 3026 prioris

165 3051 280 3118 aetatis
302 3048 492 3115 scholiorum
516 3045 713 3128 quorundam
736 3052 898 3112 auctorem
919 3044 1018 3111 fuisse
1039 3043 1262 3110 inueniremus.

250 3152 298 3216 Ac
319 3151 347 3215 si
369 3147 498 3231 quidem
520 3149 799 3231 grammaticorum
816 3146 969 3213 rationem
992 3147 1158 3230 habemus,
1180 3163 1313 3226 quorum

166 3252 240 3318 libri
262 3236 411 3331 ueltoti,
443 3249 495 3314 uel
517 3268 635 3329 magna
657 3269 697 3313 ex
719 3253 811 3331 purte
832 3249 1019 3331 superstites
1048 3254 1136 3329 sunt,
1166 3244 1208 3311 de
1236 3264 1312 3327 que-

167 3340 245 3421 tnor'
257 3351 431 3437 praecipue
445 3348 603 3432 agendum
626 3354 690 3431 est,
713 3348 753 3414 de
768 3347 952 3416 Herodiano
970 3355 1003 3436 et
1018 3348 1249 3430 Ohoerohosco‚
1272 3346 1314 3414 de

166 3454 334 3523 Ammonio
357 3450 585 3535 lexicographo
608 3457 641 3515 et
662 3450 704 3515 de
725 3449 869 3516 Moeride
890 3451 1039 3517 atticista.

701 3674 722 3753 ς
745 3674 774 3737 1.

152 3823 156 3832 '
252 3811 358 3892 Atque
379 3806 652 3875 Herodianum
676 3806 806 3891 quidem
827 3811 876 3871 ter
894 3804 938 3902 ,³¹¹
959 3804 1088 3909 scholiis
1109 3802 1225 3869 nostris
1247 3802 1312 3867 lau·

167 3916 277 3982 datum
305 3911 500 3979 iuuenimus:
533 3907 576 3973 ad
597 3909 638 3973 Η.
654 3903 877 3992 1.9.’·Ῥειτούς]
898 3904 992 3993 Ὠρος
1002 3906 1025 3989 ¹)
1048 3899 1182 3982 Ῥειτός,
1205 3896 1313 3989 Ἡρω-

255 4121 278 4181 l)
303 4116 375 4170 Orus
401 4118 543 4182 praetereo
569 4108 747 4164 laudatoria
772 4109 856 4164 schol.
881 4105 1061 4161 Thucll.1l.
1093 4096 1312 4174 Ἀτραμΰττειον]
