3142 4700
365 303 541 370 Quaestiones
558 303 592 357 dc
609 303 773 358 scholiorum
791 302 1027 373 Thucydidcomm
1045 304 1173 359 fontibus.
1288 306 1346 363 117

200 474 403 559 Goslingsius
423 497 454 560 p.
468 480 517 541 41.
540 480 641 542 totum
663 474 809 542 scholion
830 475 874 541 ad
887 476 1015 542 Aelium
1032 475 1222 560 Dionysium
1243 478 1348 562 refert,

201 577 261 644 sed
287 576 375 661 prior
401 577 486 643 illius
517 577 635 643 scholii.
651 597 726 663 pars
748 597 820 642 oum
847 578 919 643 loco
941 576 1081 659 quodam
1101 578 1242 645 Pollucis
1257 582 1282 646 Ι.
1298 586 1349 646 95.

200 678 328 745 uidetur
342 680 535 763 consentire,
558 678 613 760 qui
628 677 739 744 tradit:
760 682 939 764 περίνεως·
963 671 1050 744 οδτω
1066 671 1097 743 δ’
1117 676 1251 763 ἐκάλεσε
1272 680 1350 758 τοὺς

200 774 320 856 ἄλλους
349 778 513 865 ἐπιβάτας
542 777 599 864 (so.
628 774 645 844 ὃ
672 777 897 867 Θουκυδίδης).
943 780 1002 847 Coi
1032 800 1107 848 uoro
1135 782 1215 849 haec
1240 784 1350 867 glossa

199 882 405 949 attribuenda
426 882 484 965 sit,
513 882 643 948 dubium
666 881 741 964 erit,
771 881 874 948 donec
900 883 1035 949 meliora
1057 883 1098 948 de
1119 884 1259 950 Pollucis
1280 885 1349 950 fon·

199 986 285 1051 tibus
301 985 551 1069 cognouerimns.
586 984 682 1049 lllum
703 983 810 1067 ipsum
831 990 1011 1050 constanter
1026 985 1067 1051 de
1082 986 1264 1052 auctoribus
1279 986 1345 1052 suis

200 1092 307 1153 tacere
328 1085 529 1152 notissimum
551 1091 608 1152 est.
980 1074 981 1077 '

284 1188 418 1254 Photius
433 1206 458 1253 s.
474 1207 504 1252 u.
528 1185 710 1273 περιωπή
733 1185 785 1270 (cf.
798 1187 969 1252 Schwartz.
987 1187 1058 1253 Ael.
1069 1189 1202 1272 Dionys.
1217 1209 1248 1272 p.
1264 1189 1348 1271 123.)

199 1291 281 1356 haec
302 1289 447 1356 exhibet:
470 1285 627 1375 περιωπη
650 1290 704 1353 καὶ
727 1287 850 1376 πισύνη
873 1290 929 1353 καὶ
951 1286 1087 1365 πύστις·
1110 1288 1222 1354 πάντα
1244 1293 1349 1355 ταῦτα

198 1389 375 1477 νλωττιόδη
397 1387 491 1474 παρὰ
515 1389 716 1476 Θουκυδίδῃ·
738 1392 833 1456 καλεῖ
855 1389 890 1455 δὲ
912 1387 1089 1477 περιωπην
1110 1388 1169 1477 τὴν
1186 1391 1350 1478 φροντίδα
1399 1433 1402 1438 -

198 1494 254 1557 καὶ
275 1489 334 1580 τὴν
357 1497 557 1576 περίσκεψιν
580 1484 618 1556 οδ
640 1489 698 1557 τδν
719 1490 826 1557 τόπον
848 1483 1054 1578 ὦςὍμηρος.
1099 1492 1348 1583 νοκπεριωπή

200 1594 328 1679 saepius
349 1594 436 1678 apud
451 1593 673 1678 Thucydidem
695 1594 855 1660 inuenitur
875 1593 913 1677 (I.
926 1598 954 1659 3.
971 1598 1050 1678 136.,
1072 1595 1125 1660 lv.
1139 1596 1199 1676 86„
1222 1596 1259 1661 V.
1274 1595 1348 1680 lt),

199 1704 297 1782 atque
319 1718 417 1763 unum
442 1697 596 1763 habemus
618 1697 777 1778 scholion,
801 1695 887 1778 quod
908 1716 980 1763 cum
1001 1696 1072 1761 loco
1094 1695 1251 1761 Photiano
1275 1716 1347 1761 con·

198 1800 275 1866 ferri
295 1798 405 1883 possit,
427 1798 471 1863 ad
486 1798 541 1864 IV.
554 1801 620 1863 86.:
642 1796 829 1884 περιωπήν.
853 1789 925 1861 ἀντὶ
938 1799 1009 1861 'coo
1030 1801 1231 1882 cepissemus
1249 1786 1270 1884 ἢ
1285 1821 1348 1862 πε-

200 1898 381 1988 ριάθρησιν
403 1888 424 1987 ἢ
446 1897 609 1986 πρόνοιαν
637 1888 658 1985 ἢ
681 1896 841 1977 ἐξέτασιν.
884 1899 1018 1965 Prorsus
1045 1899 1142 1983 igitur
1171 1918 1243 1964 cum
1266 1898 1346 1965 Θου-

190 2003 361 2087 lingsiop.
377 2007 426 2069 46.
441 2000 539 2085 facio,
562 2001 617 2082 qui
638 2001 722 2069 hunc
743 2004 849 2068 locum
871 1999 980 2084 (quem
995 2001 1113 2067 Suidas
1134 2001 1349 2085 transscripsit

199 2110 233 2171 et
253 2103 333 2171 locis
356 2125 397 2171 ex
411 2103 552 2188 Agathia
574 2109 606 2169 et
621 2104 864 2189 Theophylacto
881 2101 1042 2170 Simocato
1064 2102 1173 2188 petitis
1187 2123 1276 2169 more
1291 2122 1348 2170 suo

199 2205 303 2288 auxit)
326 2207 369 2272 ad
390 2205 547 2272 atticistas
568 2207 698 2272 rettulit.

283 2308 416 2375 Photius
438 2328 462 2375 s.
478 2328 508 2375 u.
540 2311 791 2395 aporiamus
825 2304 878 2390 (cf.
910 2307 1084 2373 Schwartz.
1113 2306 1183 2372 Acl.
1214 2304 1347 2389 Dionys.

197 2434 229 2497 p.
244 2410 343 2492 128.):
367 2402 441 2474 ἀντὶ
462 2412 522 2473 τοῦ
544 2423 729 2495 προςεῖχεν·
754 2407 967 2495 Θουκυδίδης.
997 2407 1140 2491 Respicit
1154 2406 1197 2471 ad
1211 2407 1310 2472 Thuo.
1323 2408 1348 2473 Ι.

198 2518 261 2597 93.,
283 2511 340 2577 ubi
360 2511 421 2576 hoo
443 2510 599 2576 habemus
613 2511 773 2577 scholion:
797 2513 1004 2593 προςέκειτο·
1024 2505 1082 2572 τὸν
1105 2510 1181 2573 νοῦν
1196 2521 1349 2592 προςεῐχε

200 2611 332 2700 νοήσας.
376 2613 492 2680 Exstat
513 2619 681 2695 praeterea
702 2611 847 2678 scholion
868 2611 912 2677 ad
926 2612 995 2677 VII.
1007 2615 1073 2676 34:
1096 2615 1347 2696 προςκείμενος·

200 2717 380 2802 προςέχων.
417 2714 495 2780 Loci
518 2714 616 2781 ceteri
637 2735 658 2780 a
675 2713 870 2780 Schwartnio
893 2712 1016 2778 laudati
1036 2712 1127 2778 nulla
1148 2712 1272 2778 scholia
1293 2731 1347 2777 ex·

199 2819 319 2885 hibent.
1053 2824 1060 2836 '

285 2917 401 2984 olossa
415 2917 523 2984 Photi:
546 2914 772 3002 πρόςοδος’
796 2912 956 3003 εἰσφορά’
979 2912 1110 2989 ε’ίοοδος
1131 2901 1347 3001 ἢπαρουσία,

200 3017 246 3098 ὥς
262 3018 466 3106 Θουκυδίδης
481 3020 537 3084 καὶ
560 3017 667 3102 ἕτεροι
688 3018 815 3085 uidetur
837 3017 1007 3083 conuenire
1022 3037 1093 3082 cum
1110 3016 1232 3083 scholio
1247 3018 1348 3083 Thuc.

199 3127 251 3192 IV.
268 3129 351 3188 llo:
376 3119 510 3208 ἐτήρουν
532 3117 591 3208 τὴν
612 3117 790 3206 πρόςοδον]
814 3116 998 3206 ἐφύλαττον
1019 3115 1057 3183 τὸ
1075 3120 1134 3205 της
1149 3122 1347 3203 παρουσίας,

199 3227 244 3293 ad
265 3244 361 3307 quem
382 3225 488 3288 locum
510 3230 620 3289 auctor
641 3222 768 3304 glossae
790 3220 877 3305 apud
898 3220 1038 3286 Bekker.
1052 3219 1174 3286 Anecd.
1190 3240 1222 3301 p.
1235 3222 1306 3301 298,
1319 3223 1347 3284 7.

199 3328 327 3395 uidetur
355 3323 545 3408 respexisse.
589 3323 669 3390 Oum
698 3343 716 3389 e
748 3323 828 3389 locis
856 3320 943 3405 apud
972 3320 1202 3387 Schwartzium
1228 3341 1259 3403 p.
1278 3322 1347 3385 128.

199 3429 340 3497 laudatis
368 3435 526 3511 appareat
554 3426 650 3492 etiam
678 3425 720 3490 ab
756 3424 935 3491 oratoribus
967 3421 1073 3488 atticis
1101 3421 1230 3506 saepius
1258 3421 1348 3486 illam

199 3551 313 3598 uocem
342 3528 520 3595 adhibitam
541 3547 630 3610 esse,
660 3533 692 3594 et
718 3528 860 3611 glossam
885 3525 975 3591 illam
997 3523 1144 3591 atticistis
1165 3522 1349 3590 adscribere

200 3655 264 3700 non
292 3631 524 3714 dubitabimus,
554 3637 586 3696 et
615 3628 759 3695 scholion
786 3632 929 3693 nostrum
957 3626 1001 3692 ad
1023 3626 1154 3694 eosdem
1175 3626 1352 3724 referemus

200 3742 357 3803 auctores.
394 3732 524 3816 Surdas,
548 3733 602 3814 qui
625 3731 759 3798 eandem
774 3731 916 3813 glossam
930 3729 1041 3810 habet,
1064 3733 1230 3813 praetcrea
1242 3727 1348 3791 locum

200 3838 362 3921 quendam
383 3835 496 3901 incerti
517 3834 656 3900 auctoris
677 3832 816 3899 addidit:
847 3826 865 3896 ὁ
891 3830 927 3896 δὲ
948 3835 1082 3916 Καῖσαρ
1109 3827 1144 3894 ἐκ
1164 3830 1224 3914 τῆς
1245 3848 1348 3911 προς-

200 3939 281 4007 όδου
302 3936 406 4024 μόνης
429 3933 568 4011 τούτους
595 3932 779 4021 κατέπληξε
807 3937 959 3999 τουτέστι
980 3934 1184 4016 παρουσίας,
1214 3947 1349 4011 quomo
1411 3924 1414 3930 ¹

201 4063 260 4111 sua
281 4060 366 4127 penu
380 4038 507 4105 uidetur
521 4035 692 4119 adiecisse,
715 4056 786 4102 cum
808 4035 865 4102 uix
886 4033 1038 4102 credibile
1059 4032 1102 4099 sit
1123 4033 1228 4100 locum
1249 4031 1346 4119 scrip-
