3142 4700
586 283 664 338 96
1453 280 1721 334 Ernestus
1756 281 2017 338 Schwabe

1654 527 1798 605 §a

753 658 945 745 Apud
988 659 1367 728 scholiastas
1410 659 1845 746 Thucydidis,
1906 657 2233 744 scriptoris
2278 648 2763 738 ἇττικωτάτου,
2825 661 2893 725 si

583 762 865 846 glossas,
925 780 1091 842 quae
1150 765 1483 831 atticorum
1541 783 1727 830 usum
1785 762 2134 846 illustrant,
2191 760 2547 827 inuenimus
2569 761 2652 844 ¹),
2716 763 2889 828 ueri-

583 863 977 929 simillimum
1022 864 1276 932 uidetur
1320 887 1432 932 eas
1474 865 1818 950 praecipue
1861 884 1943 929 ex
1986 863 2406 928 atticistarum
2451 863 2676 930 lexicis
2719 864 2881 931 hau-

582 972 717 1031 stas
761 986 932 1050 esse;
979 987 1144 1058 quae
1190 968 1405 1053 opinio
1450 968 1689 1053 optime
1735 966 2217 1032 conuenit‘cum
2246 972 2461 1031 aetate
2488 964 2884 1047 reliquorum

584 1066 985 1153 Thucydidis
1028 1069 1470 1152 interpretum,
1528 1087 1690 1150 quos
1734 1088 1953 1135 omnes
1997 1068 2131 1133 fere
2175 1066 2260 1132 ab
2304 1066 2634 1133 Hadriano
2678 1088 2880 1150 usque

583 1170 667 1235 ad
700 1170 1112 1236 Aurelianum
1153 1171 1351 1238 fuisse
1394 1191 1590 1254 supra
1619 1169 2120 1254 explanauimus.
2193 1165 2442 1244 Λέξεις
2480 1171 2649 1235 enim
2694 1167 2879 1236 ἀττι-

584 1270 704 1346 mig
757 1272 892 1338 fere
948 1292 1167 1340 omnes
1227 1273 1340 1339 illo
1397 1279 1683 1357 tempore
1738 1273 2060 1338 confectas
2117 1289 2259 1337 esse
2321 1271 2488 1337 inter
2541 1273 2880 1356 plerosque

585 1374 755 1441 uiros
801 1373 1019 1441 doctos
1063 1375 1375 1441 conuenit.
1462 1376 1563 1439 Ex
1609 1374 1837 1458 quibus
1880 1395 2074 1441 unum
2117 1371 2376 1454 quidem
2410 1375 2876 1440 Pausaniae

584 1475 836 1542 lexicon
893 1476 961 1541 in
1017 1477 1308 1559 scholiis,
1371 1496 1536 1559 quae
1597 1477 1791 1543 etiam
1847 1497 2014 1543 nunc
2069 1481 2352 1559 exstant,
2413 1474 2741 1559 laudatur,
2800 1478 2877 1542 cf.

585 1578 782 1646 schol.
809 1578 912 1646 VI.
941 1581 1041 1644 27.
1090 1600 1125 1646 e
1171 1578 1389 1647 codice
1425 1580 1797 1662 Augustano
1841 1579 1926 1643 F:
1974 1575 2193 1641 ἰστέον
2236 1568 2344 1642 ὅτι
2372 1582 2769 1652 Παυσανίας
2813 1574 2880 1642 ἐν

582 1683 665 1767 τῇ
733 1680 1275 1770 ὄιαπεπονημένῃ
1340 1683 1471 1746 τῶν
1541 1672 1843 1746 Ἀττικῶν
1908 1671 2254 1762 ὀνομάτων
2319 1682 2662 1764 συναγωγῇ
2725 1677 2880 1754 τοὺς

582 1782 945 1871 τραχήλους
998 1786 1109 1850 καὶ
1161 1782 1246 1849 τὰ
1304 1782 1532 1849 αἰδοῖα
1582 1780 1738 1860 τοὺς
1772 1777 2012 1870 Ἑρμᾶς
2064 1778 2515 1868 περικοπῆναί
2558 1804 2728 1869 φησι
2769 1783 2882 1847 καὶ

584 1882 740 1960 τοὺς
780 1888 978 1950 τοῦτο
1026 1884 1400 1971 δράσαντας
1423 1881 1907 1971 Ἑρμοκοπίὸας
1948 1885 2328 1950 καλεῖσθαι.
2396 1885 2749 1951 Pausanias
2784 1889 2881 1951 est

584 1986 1079 2071 lexicographus
1123 1987 1233 2053 ille
1279 1988 1649 2054 notissimus
1692 1988 1931 2054 saeculi
1973 1992 2118 2071 post
2163 1985 2308 2052 Chr.
2354 2007 2414 2050 n.
2459 1985 2719 2052 secundi
2737 2036 2753 2069 ‚
2799 1986 2879 2054 de

561 2109 712 2172 ,quo
763 2089 963 2155 fusius
1008 2089 1492 2174 disputauerunt
1533 2090 1763 2173 Meier,
1809 2089 2042 2173 Opusc.
2088 2088 2258 2171 II.‘p.
2292 2091 2391 2154 82.
2424 2107 2595 2172 sqq.‚
2640 2089 2878 2174 Naber,

584 2192 836 2274 Proleg.
882 2189 969 2257 ad
1012 2189 1194 2258 Phot.
1241 2212 1302 2276 p.
1330 2194 1429 2257 39.
1461 2210 1628 2274 sqq.‚
1687 2189 2211 2272 RindfleischiuS,
2271 2190 2353 2255 de
2396 2191 2717 2257 Pausania
2762 2197 2877 2257 etc.

584 2293 754 2361 Diss.
790 2293 1149 2377 Regimont.
1195 2293 1345 2360 anni
1373 2296 1578 2380 1866„
1622 2293 2010 2378 Boysenius,
2054 2291 2136 2357 de
2180 2292 2699 2377 Harpocrationis
2741 2292 2875 2361 fon-

585 2398 755 2464 tibus
801 2418 864 2481 p.
883 2401 990 2461 -57,
1022 2416 1162 2479 sqq.
1252 2397 1609 2465 Pausaniae
1653 2397 1971 2481 permulta
2012 2395 2372 2479 fragmenta
2415 2395 2498 2460 ab
2542 2395 2877 2471 Eustathio

585 2504 841 2564 seruata
898 2503 1071 2580 sunt,
1135 2518 1403 2582 quorum
1463 2520 1545 2565 ex
1602 2520 1726 2566 uno
1787 2499 1958 2564 clare
2017 2498 2436 2582 perspicimus
2492 2498 2878 2564 Pausaniam

585 2598 983 2683 Thucydidis
1025 2597 1292 2666 historia
1334 2599 1419 2667 ad
1462 2600 1848 2667 atticismum
1879 2600 2354 2684 explanandum
2397 2619 2587 2684 usum·
2613 2618 2757 2666 esse
2801 2600 2877 2667 cf.

584 2701 873 2769 Eustath.
905 2721 968 2786 p.
1008 2704 1188 2787 1221,
1219 2704 1320 2770 25.
1352 2700 1789 2786 (Rindfleiseh.
1819 2703 1895 2770 fr.
1934 2701 2129 2785 127.);
2173 2698 2362 2789 παρὰ
2390 2703 2487 2787 τῷ
2516 2707 2877 2787 Παυσανίᾳ

587 2808 862 2892 φέρεται
885 2853 911 2883 ,,
930 2803 1202 2891 ὄελφὶς“
1235 2796 1515 2891 ὄργανον
1546 2803 2065 2891 πολεμιστήριον
2093 2802 2266 2888 πρὸς
2290 2809 2681 2887 ναυμαχίαν,
2714 2796 2879 2868 ὅθεν

584 2907 696 2970 καὶ
742 2904 1230 2992 ὁελφινοφόρος
1274 2909 1431 2982 ναῦς
1474 2904 1663 2994 παρὰ
1697 2904 2067 2991 Θουκυδίδῃ
2104 2904 2268 2989 (VII.
2291 2905 2444 2989 41.),
2489 2906 2566 2973 cf.
2599 2905 2878 2992 Hesych.

587 3027 637 3072 s.
670 3028 727 3073 u.
804 3008 963 3074 Cum
1008 3027 1200 3091 supra
1242 3006 1745 3074 intellexerimus
1789 3007 2149 3075 Pausaniae
2194 3028 2336 3075 esse
2380 3010 2650 3074 alterum
2696 3008 2873 3074 scho-

593 3112 721 3176 lion
750 3108 835 3177 ad
865 3108 971 3175 VI.
997 3113 1099 3174 27.
1146 3107 1228 3175 de
1257 3108 1510 3176 Hermis
1554 3115 1620 3177 et
1661 3109 2148 3194 Hermocopidis
2175 3105 2257 3176 ‘et
2300 3130 2442 3176 cum
2486 3107 2606 3177 hoc
2650 3111 2877 3176 iisdem

593 3220 783 3296 atque
827 3213 1002 3298 prius
1046 3210 1332 3279 scholion
1367 3214 1443 3279 cf.
1476 3234 1537 3297 p.
1561 3216 1664 3279 95.
1710 3212 2034 3280 codicibus
2065 3213 2479 3295 contineatur,
2526 3232 2651 3279 non
2680 3211 2873 3279 auda-

762 3454 809 3511 1)
844 3448 965 3503 Hoc
999 3449 1215 3517 saepius
1251 3449 1369 3504 fieri
1402 3448 1647 3503 uidemus
1684 3450 1750 3504 cf.
1771 3450 1813 3504 I.
1837 3454 1883 3502 2.
1920 3446 2135 3513 ἄδηλον.
2174 3454 2223 3502 3.
2249 3445 2450 3500 πολλοῦ
2472 3467 2533 3518 γε
2556 3446 2767 3519 χρόνον.
2802 3447 2875 3502 ib.

589 3528 896 3600 ἀναγκαίου.
935 3538 983 3585 5.
1007 3530 1107 3585 τὸν
1143 3532 1401 3587 πλεῖστον
1433 3535 1531 3586 τοῦ
1564 3540 1703 3602 βίον.
1741 3538 1789 3587 8.
1828 3537 2010 3586 Μίνω.
2050 3538 2129 3587 10.
2164 3530 2240 3601 μὴ
2271 3531 2555 3603 γενέσθαι.
2595 3538 2672 3588 13.
2709 3532 2876 3585 υἱέως.

589 3620 669 3668 25.
709 3617 1160 3687 περιφρονοῦντες
1203 3614 1265 3668 δὲ
1307 3614 1511 3671 αὐτούς.
1568 3624 1651 3673 30.
1690 3622 1970 3690 τροπαῖον.
2015 3616 2087 3672 ib.
2124 3618 2217 3683 τῆς
2257 3618 2351 3688 γῆς
2384 3620 2591 3685 ἔτεμον.
2649 3622 2727 3671 32.
2764 3615 2876 3670 ἐσό-

585 3704 738 3768 μεθα
785 3696 888 3757 ὑπ’
930 3695 1124 3752 αὐτοῖς.
1180 3706 1258 3755 33.
1294 3699 1359 3754 τὸ
1405 3702 1753 3776 μαρτύρειον.
1809 3695 2404 3755 50.’ἶὶς.καταδι’σειαν.
2459 3707 2543 3755 70.
2580 3698 2753 3755 οὐδείς
2786 3722 2877 3755 πω

585 3784 948 3860 ἐπετράπετο.
995 3789 1080 3839 93.
1117 3783 1396 3854 οἰκοδομία
1431 3787 1499 3840 cf.
1537 3787 1685 3841 Suid.
1744 3790 1858 3840 107.
1896 3789 2122 3856 Δωριᾶς.
2176 3792 2290 3841 116.
2328 3788 2435 3840 ἐπί.
2479 3790 2589 3840 129.
2626 3791 2702 3840 σε’.
2736 3788 2805 3841 11.
2832 3792 2877 3841 3.

585 3868 645 3921 mi
693 3871 1004 3941 βουλομένῳ
1048 3860 1131 3938 ἦν.
1186 3876 1267 3925 53.
1315 3868 1450 3944 ᾔδει.
1504 3876 1587 3924 60.
1637 3866 1992 3940 αἰσθάνομαι.
2048 3877 2129 3926 70.
2178 3866 2349 3924 οὐδέν.
2404 3875 2485 3925 89.
2535 3870 2679 3925 ἑκὼν
2722 3872 2875 3925 εἶναι.

585 3953 681 4009 111.
705 3960 786 4009 ⁴57.
823 3954 946 4009 τούς
980 3952 1212 4028 ἀγῶνας.
1264 3960 1348 4011 98.
1383 3959 1538 4028 μέχρι
1572 3957 1677 4023 μὲν
1711 3944 1821 4009 οὖν.
1869 3957 1964 4013 IV.
1986 3960 2068 4011 28.
2104 3954 2169 4009 τὸ
2205 3960 2297 4011 ἐπὶ
2334 3957 2791 4029 σφᾶς”έπιχειρεῖν
2826 3962 2879 4010 et

577 4041 842 4113 pluraque
878 4041 1084 4096 scholia
1118 4042 1367 4097 Tzetzea.
