3142 4700
279 270 456 340 Quaestiones
473 272 507 327 de
525 271 688 328 scholiorum
706 271 944 342 Thucydideorum
961 272 1090 329 fontibus.
1203 272 1263 331 123

114 444 222 528 ipsum
238 444 451 530 exscripserit,
473 443 532 511 sed
545 443 652 529 potius
666 443 753 510 illius
766 446 882 528 fontes,
903 445 969 511 iam
990 443 1024 510 iu
1045 444 1110 511 illis
1125 445 1266 525 glossam

116 547 163 614 ita
185 552 351 614 exaratam
372 546 470 614 luisse
493 545 756 613 existimabimus.

202 647 359 727 Quoniam
382 648 432 714 his
454 648 533 717 loeis
548 648 694 715 omnibus
708 647 823 716 Photio
838 656 967 716 auotore
982 648 1032 715 usi
1053 649 1266 716 attieistarum

115 750 221 818 lexioa
237 741 427 817 scholiorum
440 749 720 835 Thuoydideorum
735 751 840 818 fontes
854 751 953 820 fuisse
968 751 1266 834 demonstrauimus,

115 853 181 927 iam
202 852 370 920 nonnullos
392 853 480 920 lusos
501 853 693 934 subiungere
713 852 825 936 lineat,
852 854 885 918 in
908 853 1023 934 quibus
1044 853 1199 919 nonnulla
1219 853 1266 918 in·

115 960 190 1022 sunt
211 955 264 1021 uel
286 954 364 1022 satis
386 954 535 1021 intricata
555 954 608 1021 uel
629 953 759 1038 ineerta,
783 955 844 1021 etsi
865 954 961 1021 Photi
983 955 1103 1021 auxilio
1124 954 1267 1022 nondum

115 1075 271 1124 caremus.

202 1155 354 1235 Quaestio
370 1155 559 1223 diifioillima
573 1163 622 1224 est
637 1156 678 1225 ds
695 1157 818 1225 scholio
839 1158 896 1225 illo
919 1157 1084 1225 notissimo
1106 1157 1150 1224 ad
1165 1158 1266 1224 Thuo.

114 1261 202 1326 Lo:
225 1256 263 1324 ἒν
286 1256 394 1344 ἕρσαι
414 1256 624 1345 κρωβύλον]
649 1256 682 1324 ἒν
705 1257 795 1346 ἕρσει
814 1249 884 1346 ἢέν
908 1258 1048 1346 εἰςίρσει
1062 1248 1083 1345 ἢ
1099 1257 1133 1327 ἒν
1148 1260 1267 1345 πλοκῇ.

114 1358 284 1448 κρωβύλος
299 1360 335 1426 δὲ
350 1358 440 1427 ἔστιν
459 1356 548 1438 εἶδος
569 1361 759 1445 πλέγμανος
780 1365 847 1427 τῶν
869 1364 990 1448 τριχῶν
1013 1353 1081 1427 dno
1105 1359 1268 1447 ἑκατέρων

116 1461 165 1539 εἷς
180 1455 238 1539 δξδ
254 1454 433 1550 ἀπολῆγον.
464 1460 613 1529 ἐκαλεῖτο
629 1461 665 1527 δὲ
679 1465 746 1527 τῶν
767 1463 828 1545 μὲν
851 1456 980 1549 ἀνδρῶν
1002 1461 1179 1548 κρωβύλος,
1202 1465 1268 1529 τῶν
1334 1522 1336 1531 ,

116 1564 152 1630 δὲ
174 1566 336 1650 γυναικῶν
357 1562 530 1650 κόρυμβος,
552 1566 619 1628 τῶν
642 1563 678 1629 δὲ
700 1563 834 1630 παίδων
857 1570 1027 1650 σκορπίος.
1065 1569 1085 1646 ᾖ
1108 1562 1142 1630 ἐν
1164 1562 1267 1650 ἕρσει·

116 1665 150 1733 ἒν
175 1659 330 1732 ἇναδέσει
352 1662 446 1752 παρὰ
468 1662 505 1730 τὸ
530 1663 632 1760 ε’ίρειν
658 1684 763 1747 neque
787 1668 886 1733 multo
908 1672 981 1751 post
1001 1665 1186 1754 κρωβύλον·
1210 1663 1268 1748 ἒμ-

115 1766 224 1855 πλοκὴ
254 1760 323 1833 ἆπδ
352 1770 412 1833 τοῦ
439 1765 597 1850 μετώπου
627 1763 686 1832 ἐπὶ
714 1765 862 1855 κορυφὴν
893 1760 1059 1855 ἆνιγμένη.
1103 1768 1139 1835 Si
1164 1768 1269 1834 lexioa

114 1876 366 1959 perscrutamur,
389 1869 476 1955 apud
497 1869 646 1937 Photium
668 1867 748 1935 duas
769 1870 949 1939 inuenimus
971 1872 1111 1955 glossas,
1135 1890 1270 1953 quarum

114 1975 221 2040 altera
234 1972 303 2040 fero
318 1976 386 2039 tota
400 1992 472 2038 oum
490 1971 550 2039 hoo
571 1970 693 2038 soholio
717 1972 880 2039 oonuenitz
901 1970 1070 2059 κρωβύλος
1091 1973 1169 2054 (non
1184 1969 1269 2058 κρώ-

114 2075 233 2160 βυλος,
257 2080 292 2142 ut
312 2075 422 2141 Naber
443 2074 526 2141 falso
548 2073 680 2143 exhibet
702 2076 741 2140 of.
764 2074 882 2141 Herod.
906 2075 956 2141 ed.
979 2075 1087 2141 Lenta.
1101 2076 1127 2141 Ι.
1143 2096 1174 2160 p.
1189 2078 1269 2156 163,

115 2176 278 2245 Gaisford.
301 2177 334 2245 in
357 2175 463 2244 indiee
478 2175 520 2243 ad
535 2178 641 2262 Etym.
656 2177 739 2262 Mag.
756 2196 781 2243 s.
797 2196 827 2242 u.
842 2174 1025 2262 κρωβύλος)
1048 2176 1180 2261 πλέγμα
1198 2199 1270 2262 τρι·

112 2282 184 2364 χῶν
207 2277 255 2357 εἰς
276 2271 335 2356 δξδ
358 2278 465 2366 λῆγον.
499 2275 646 2362 ἐκαλρῑτο
670 2275 706 2342 δὲ
724 2279 825 2342 ’τοῦτο
853 2270 908 2342 ἐπ’
935 2270 1073 2365 ἀνδρῶν.
1106 2271 1271 2365 κόρυμβος

116 2383 154 2450 δὲ
180 2380 239 2448 ἐπὶ
259 2383 430 2466 γυναικῶν.
467 2384 628 2466 σκορπίος
650 2377 686 2444 δὲ
709 2376 766 2444 ἐπὶ
796 2378 940 2445 παίδων.
976 2381 1032 2445 καὶ
1056 2378 1271 2468 Θουκυδίδης.

115 2483 289 2573 κρωβύλον
318 2475 548 2565 ἀναδούμενοι.
592 2481 682 2547 Haeo
703 2481 801 2564 igitur
821 2481 930 2564 glossa
950 2481 993 2548 ad
1014 2482 1171 2548 attioistas
1191 2481 1272 2548 ref·

115 2573 223 2656 rorida
245 2582 379 2651 uidetur.
415 2585 489 2652 Non
510 2582 596 2650 idem
618 2588 742 2650 constat
764 2583 805 2650 de
827 2586 939 2664 altera,
962 2602 1059 2666 quam
1081 2583 1167 2669 apud
1188 2585 1282 2651 Pho.

117 2690 201 2756 tium
223 2694 256 2753 ot
277 2685 310 2750 in
325 2688 430 2770 Etym.
447 2685 529 2752 Gud.
544 2705 575 2769 p.
589 2689 661 2767 641,
672 2689 723 2752 63.
739 2684 790 2751 ed.
806 2683 906 2750 Stura.
929 2687 1122 2753 inuenimus:
1145 2684 1272 2772 κρωβύ-

120 2791 196 2866 λος·
220 2782 381 2870 ὁμαλλδς
394 2790 461 2854 τῶν
476 2786 634 2852 παιδίων.
670 2787 768 2853 Plura
782 2785 963 2870 Hesychius
977 2787 1090 2854 adfert.
1123 2789 1172 2853 lla
1185 2807 1273 2871 uere,

120 2911 207 2975 qaae
228 2889 356 2958 lexioon
375 2890 668 2957 Baohmannianum
691 2909 716 2955 s.
732 2910 763 2955 u.
785 2885 953 2973 κρωβύλος
974 2888 1080 2973 tradit,
1103 2910 1122 2956 e
1143 2888 1274 2957 soholiis

120 2993 311 3061 Aosohineis
333 2992 377 3058 ad
397 2991 522 3074 1.64.¹)
543 2992 737 3077 interpolata
759 3010 830 3058 esse
851 2990 960 3057 Naber
981 2992 1106 3075 Proleg.
1122 2989 1166 3057 ad
1179 2991 1273 3059 Phot.

121 3118 151 3182 p.
168 3098 240 3161 129.
263 3093 383 3161 diserte
397 3094 537 3180 exponit.
575 3092 665 3172 Quae
688 3094 796 3160 omnia
816 3092 860 3159 ad
881 3093 1018 3160 eundem
1041 3101 1203 3160 auctorem
1225 3113 1272 3160 re·

122 3196 199 3266 terri
221 3217 285 3263 non
306 3203 453 3282 possunt,
477 3195 536 3262 etsi
557 3194 592 3260 id
613 3196 725 3278 negari
746 3216 810 3262 non
831 3199 954 3281 potest,
979 3196 1008 3261 si
1029 3195 1142 3262 scholii
1162 3194 1274 3261 Aelius

122 3299 300 3383 Dionysius
314 3304 424 3366 anoton
437 3299 540 3382 tuerit,
554 3300 683 3381 glossas
697 3297 830 3364 alterius
844 3299 978 3363 fumasse
991 3298 1184 3364 Pausaniam
1199 3316 1272 3363 auo·

124 3408 226 3468 torem
254 3399 353 3468 fuisse
380 3401 432 3468 uel
461 3401 530 3469 uioe
559 3419 662 3469 uersa.
706 3399 783 3468 Ideo
806 3398 999 3466 Doberentzi
1027 3400 1150 3486 opinio,
1179 3419 1274 3483 quem

212 3606 237 3668 1)
255 3578 345 3657 Sdhol.
359 3600 485 3657 Aeschin.
498 3602 520 3656 l.
533 3607 589 3657 64:
614 3598 774 3676 Κρωβύλος·
793 3595 908 3669 ἀδελφὸν
931 3587 965 3665 ἦν
988 3585 1066 3654 οὗτος
1082 3595 1274 3673 Ἡγησάνδρου,

74 3717 79 3729 ·
127 3682 211 3742 οὕτως
223 3690 451 3756 δπωνομασμενος
462 3683 508 3740 διὰ
518 3684 570 3753 τὴν
582 3691 759 3758 πανουργίαν.
786 3680 952 3758 Ἡγήσιππος
967 3682 1020 3756 γὰρ
1036 3691 1134 3757 κυρίως
1145 3684 1274 3737 ἐκαλεῖτο.

128 3778 142 3840 ᾖ
159 3771 314 3845 Κρωβύλον
328 3770 406 3824 καλοῖ
420 3770 471 3825 τὸν
488 3767 607 3842 ἀδελφὸν
623 3773 673 3824 τοῦ
684 3768 867 3844 Ἡγησάνδρου
883 3769 934 3823 τὸν
945 3765 1116 3841 Ἡγήσιππον
1132 3768 1184 3822 τὸν
1199 3786 1274 3837 μισο-

128 3857 262 3927 plisnam
279 3854 354 3910 καθὸ
371 3853 450 3909 αὐτὸς
465 3852 558 3926 ἧλωφο
575 3853 627 3922 τὴν
643 3854 764 3926 κεφαλὴν
781 3861 828 3908 καί
845 3852 997 3925 ἐφιλοκᾶλοι
1013 3853 1062 3909 τὰς
1078 3858 1182 3925 τρίχας·
1205 3872 1274 3925 κρω-

129 3941 206 4010 βύλον
222 3942 276 4016 γάρ
293 3945 369 3995 ἐστιν
389 3938 458 3995 αλδυς
479 3938 665 4012 ίμπλεγμανοε
687 3938 785 4011 πρῴην
807 3944 952 4012 γενομένου
973 3937 1049 4009 παρὰ
1071 3943 1127 4014 sois
1150 3935 1276 3993 παλαιοῖς

130 4029 185 4081 τῶν
200 4025 367 4095 Ἀθηναίων,
386 4021 422 4079 ὡς
438 4029 562 4099 ἔγνωμεν
579 4031 611 4078 δν
628 4029 684 4078 τοῖς
702 4023 907 4079 smidaha.
