3142 4700
248 262 250 267 X
318 306 494 375 quaestiones
511 305 546 361 dc
562 305 727 362 scholiorum
744 304 981 375 Thucydidaorum
997 305 1128 362 fontibus.
1254 309 1313 366 145

65 574 68 581 ι
154 476 343 544 Mauricium
358 479 494 562 Strateg.
507 483 556 562 ¹05
568 482 598 544 3.
621 483 746 545 cxsmre
762 476 902 545 affirmat
916 477 1100 547 Dindorfius
1113 480 1146 546 in
1162 479 1310 548 thesauro

155 578 321 664 Stephani.
346 616 387 626 -·
409 580 607 648 Vocabulum
635 578 668 644 in
690 579 820 646 scholiis
842 581 1030 666 saepissime
1052 587 1237 664 usurpatum
1261 588 1311 649 est

34 672 35 679 '
155 677 449 763 hiltiprandus,
484 682 570 764 quod
595 681 724 749 notione
753 681 886 765 antiqua
914 683 1108 769 „portorium
1138 682 1309 766 exigendi“

153 784 256 850 habet
271 783 501 870 Aristophanes
523 770 616 869 apud
630 785 710 851 Poll.
727 786 782 851 IX.
798 788 858 868 31„
880 786 1088 868 posteriorem
1110 805 1187 853 uero
1209 785 1309 853 notio·

32 926 33 945 .
154 907 229 952 nem
252 905 389 963 „nauem
411 886 626 971 appel-lendi“‚
653 906 717 969 qua
738 886 861 953 scholia
884 891 1022 970 utuntur,
1047 888 1201 955 habemus
1224 886 1311 972 apud

32 1006 33 1011 ’
155 989 270 1074 Synes.
287 988 346 1073 Ep.
363 990 432 1053 147.
448 1008 479 1071 p.
493 984 553 1054 '284
561 989 598 1053 B.
621 993 653 1054 et
674 988 707 1054 in
723 988 846 1054 scholio
861 987 904 1053 ad
918 989 1027 1075 llurip.
1043 989 1147 1056 Orest.
1162 1010 1192 1054 u.
1206 993 1256 1055 53.
1268 1026 1309 1036 —

32 1138 33 1147 .
154 1090 356 1158 Vocabulum
375 1080 576 1171 ἇνέσιμος
596 1089 753 1155 habemus
769 1089 802 1154 in
817 1088 916 1155 schol.
932 1090 1032 1157 Thoe.
1042 1091 1111 1156 VH.
1125 1094 1187 1174 93„
1210 1089 1309 1158 schol.

155 1191 317 1277 Lycophr.
332 1212 362 1257 u.
379 1194 437 1274 18„
459 1190 492 1256 in
516 1190 714 1257 Constantini
735 1192 905 1258 Manassae
928 1190 1084 1259 Chronico
1106 1212 1137 1258 u.
1154 1196 1247 1258 5901.
1270 1228 1312 1239 -
1394 1224 1396 1227 ·

155 1292 492 1371 ἐξουδενοῦσθαι
521 1291 620 1359 habet
641 1294 816 1361 scholiasta
837 1291 1066 1377 Thucydides
1087 1294 1131 1360 ad
1153 1294 1190 1362 V.
1207 1298 1257 1360 28.
1280 1299 1313 1362 et

157 1397 274 1463 iterum
308 1396 452 1462 inuenies
479 1395 578 1463 Basil.
599 1395 657 1480 Ep.
680 1400 730 1461 61.
759 1395 821 1461 nol.
843 1396 899 1461 IlI.
928 1417 960 1481 p.
983 1397 1068 1463 61Α.
1098 1397 1203 1481 Etym.
1226 1398 1310 1480 Mag.

157 1521 189 1583 p.
204 1502 277 1581 350,
288 1500 339 1563 24.
377 1498 507 1581 Gregor.
524 1497 621 1583 Nyss.
645 1497 706 1563 nol.
719 1498 743 1563 Ι.
758 1518 790 1581 p.
803 1500 874 1564 286.
886 1499 923 1564 Β.
939 1534 980 1543 -
994 1498 1150 1581 pavito
1172 1499 1206 1563 in
1220 1499 1310 1565 scho-
1383 1571 1385 1575 ,

155 1600 210 1666 liis
238 1620 296 1684 pro
326 1600 482 1667 uocabulo
503 1597 651 1685 μάχαιρα
680 1604 867 1683 usurpatur,
897 1600 935 1666 ef.
964 1599 1063 1668 schol.
1093 1598 1135 1665 ad
1158 1599 1312 1667 Nicandri

158 1700 383 1768 Theriaoaed.
400 1701 586 1768 Schneider.
601 1723 632 1787 p.
646 1704 696 1784 57,
709 1706 738 1766 5.
760 1700 915 1781 savara·
939 1705 1087 1788 μαχαίρᾳ
1109 1702 1148 1770 cf.
1165 1701 1311 1768 Eustath.

159 1802 253 1869 Iliad.
274 1825 306 1888 p.
319 1806 390 1868 691.
413 1808 445 1870 et
467 1801 600 1871 Dosiad.
623 1803 656 1868 in
678 1800 806 1869 Anthol.
829 1802 933 1869 Palat.
948 1803 1018 1869 XV.
1031 1806 1124 1888 25,l.
1238 1858 1239 1861 ,

243 1906 334 1985 Quae
357 1926 430 1971 cum
451 1905 498 1971 ita
519 1905 599 1989 sint,
621 1904 745 1971 scholia
760 1904 971 1990 Thucydideo
992 1905 1068 1972 inde
1089 1905 1131 1972 ab
1146 1905 1312 1972 Iustiniani
1372 1914 1373 1917 ’

159 2008 357 2094 temporibus
378 2007 411 2074 in
434 2026 516 2090 cam,
539 2026 603 2091 qua
624 2026 682 2073 nos
703 2007 835 2092 utimur,
857 2007 992 2075 formam
1006 2005 1138 2073 redacta
1152 2027 1224 2076 esse
1239 2029 1310 2075 con-

159 2110 264 2179 cludo.
298 2109 485 2176 Terminum
500 2108 667 2189 Iustiniani
689 2115 867 2194 temporum
884 2128 978 2190 quam
995 2108 1115 2175 Suidae
1131 2112 1312 2196 propiorem

160 2234 231 2280 esse
248 2212 324 2279 inde
339 2218 488 2298 apparet,
512 2210 598 2293 quod
621 2211 722 2279 multa
743 2211 899 2278 habemus
914 2211 1037 2278 scholia
1051 2217 1199 2297 corrupta
1213 2212 1311 2294 (quae

161 2315 361 2401 Goslingsius
392 2323 432 2381 ex
460 2320 551 2399 parte
581 2313 733 2396 correxit,
764 2313 863 2378 multo
885 2313 994 2398 plura,
1024 2330 1217 2396 quamquam
1239 2317 1312 2379 sunt

159 2417 406 2504 corruptissima,
428 2415 548 2479 intacta
569 2411 722 2497 reliquit).
767 2412 885 2480 Suidas
907 2434 993 2499 uero,
1016 2414 1072 2495 qui
1093 2414 1217 2481 decimo
1238 2422 1312 2499 post

159 2522 233 2590 (lhr.
256 2544 287 2587 n.
316 2517 445 2586 saeculo
471 2515 593 2599 floruit,
623 2520 655 2582 ct
677 2516 779 2582 codex
803 2516 828 2582 (l
850 2516 993 2583 eiusdem
1018 2515 1134 2582 aetatis
1155 2517 1312 2599 praebent

159 2624 346 2706 terminum,
378 2626 453 2687 ante
486 2638 581 2702 quem
610 2616 734 2685 scholia
761 2616 844 2684 hano
870 2617 903 2682 in
931 2618 1064 2684 formam
1087 2636 1159 2685 esse
1181 2617 1311 2685 redacto

158 2723 334 2810 putandum
357 2728 414 2788 cst.

635 2926 839 2935 ——-

588 3144 812 3212 APPENDIX
833 3143 874 3209 11.

199 3276 305 3340 Index
325 3276 516 3339 scholiorum
543 3279 829 3364 Tlmwdidcnrmm,
857 3298 937 3360 qaae
959 3276 1074 3338 Saidco
1095 3295 1140 3336 ea
1161 3276 1268 3339 codice

588 3401 645 3442 ouo
667 3380 877 3462 transcripsit.

534 3532 537 3538 .
625 3494 842 3565 ffipfflw

182 3632 238 3687 1.1.
256 3629 375 3686 ἐλπίσας.
715 3655 725 3674 ν
750 3634 765 3666 *
790 3631 827 3686 ib.
846 3612 1006 3702 conscissos.
1196 3667 1201 3672 -

200 3716 236 3770 ib.
256 3717 414 3789 ξυνέγραψε.
750 3717 827 3771 *ib.
846 3711 1033 3786 έσιδηροφόρει
1052 3716 1086 3770 cf.
1103 3712 1212 3786 μαυλία.

183 3802 204 3855 Ι.
215 3808 239 3855 5.
258 3799 348 3855 καλῶς
364 3802 498 3867 (abbreu.)
699 3821 703 3829 ⁴
769 3804 790 3855 Ι.
803 3807 842 3860 10.
862 3800 944 3855 πλοῖα
961 3800 1149 3873 κατάφρακτα.
1201 3846 1203 3848 ,
1292 3800 1299 3807 ’

183 3888 204 3941 Ι.
214 3891 239 3941 6.
258 3890 361 3956 ἐνέρσει
378 3884 530 3957 κρωβύλον.
806 3887 844 3941 ib.
863 3886 1045 3960 mposxoiorovs.

162 3977 178 4011 *
202 3972 240 4028 ib.
257 3960 357 4024 altico.
768 3972 844 4026 i.11.
862 3969 994 4041 διέφερον.

182 4060 203 4111 I.
215 4064 238 4112 l.
256 4060 361 4129 ἔφερον.
749 4058 791 4111 *1.
805 4060 842 4111 12.
860 4052 986 4109 ἀποικίας
1002 4053 1117 4121 disspera-

212 4151 329 4202 Leipziger
341 4150 443 4191 Studien.
469 4151 504 4193 lv.
658 4152 664 4159 '
1002 4190 1005 4197 ,
1059 4143 1090 4192 1⁰
