3142 4700
522 275 646 332 144
1373 275 1640 330 Ernestus
1676 274 1934 330 Schwabe

518 446 819 530 (fortasse
877 445 1048 513 idem
1106 445 1343 513 flumen
1403 452 1529 530 est,
1599 443 1771 528 quod
1831 467 1996 512 nunc
2049 445 2355 514 Vardar
2415 448 2818 534 appellatur).

515 550 596 615 Il.
635 552 774 615 102.
830 546 1175 633 Οἰνιάδας]
1234 544 1467 623 Οἷνιὰς
1497 545 1697 623 πόλις
1729 544 1908 612 ἐστὶν
1954 545 2022 614 ἐν
2063 552 2160 634 τῷ
2206 555 2459 634 στομίῳ
2489 553 2610 615 τοῦ
2638 542 2819 632 Ἀχε-

519 649 712 731 λώου,
759 646 798 738 ἡ
844 652 956 715 καὶ
1001 654 1111 716 νῦν
1140 652 1585 737 Δραγαμέστη
1629 648 2077 738 καλουμένη.1)
2150 650 2236 718 ib.
2284 648 2395 716 διὰ
2442 650 2817 738 Δολοπίας]

420 811 422 814 ,
516 755 834 819 Δολοπία
893 747 932 838 ἡ
992 755 1103 818 νῦν
1157 752 1522 838 καλουμένη
1568 743 1955 833 Ἀνοβλάχα.
2058 752 2237 819 Haec
2293 753 2551 820 nomina
2608 756 2820 820 omnia

519 863 869 939 temporum
916 853 1400 939 byzantinorum
1443 850 1596 919 inde
1640 853 1724 918 ab
1770 853 2116 920 Iustiniano
2158 855 2418 941 propria
2462 861 2684 935 sunm)

689 955 1021 1023 Accedunt
1078 955 1488 1023 uocabula
1551 955 1944 1021 sermonis
2012 957 2481 1041 byzantini,
2553 979 2817 1042 quorum

522 1058 824 1141 exempla
867 1064 1131 1141 tantum,
1179 1057 1331 1140 quia
1374 1055 1632 1142 saepius
1678 1055 2099 1143 inueniuntur,
2143 1058 2365 1125 affero.

690 1160 1284 1227 Luculentissimum
1342 1160 1705 1243 exemplum
1764 1164 1860 1224 est
1916 1160 2294 1226 uocabulum
2350 1154 2389 1225 ὅ
2401 1165 2547 1246 βρυ
2566 1159 2603 1238 ζ
2613 1185 2697 1236 ος
2753 1162 2817 1227 in

519 1263 715 1330 schol.
749 1261 949 1327 Thuc.
981 1261 1063 1326 ΙΙ.
1102 1267 1235 1347 13.,
1292 1280 1561 1343 quocum
1624 1259 1699 1326 cf.
1746 1259 1976 1326 Edicta
2004 1262 2085 1327 II.
2132 1261 2465 1328 Iustiniani
2508 1263 2572 1329 in
2615 1265 2815 1347 praef.
2875 1277 2880 1283 ’

454 1397 459 1401 ·
518 1363 638 1452 τὴν
683 1355 852 1450 παρ>
902 1361 1317 1448 Αἰγυπτίοις
1373 1352 1545 1426 οὕτω
1601 1361 2009 1450 καλουμένην
2068 1357 2372 1450 ὄβρυζον,
2431 1389 2523 1430 το
2543 1377 2572 1430 ῖ
2584 1389 2618 1441 ς
2673 1364 2818 1447 μὲν

522 1461 853 1532 ἄνωθεν
890 1463 1231 1552 χρόνοις
1277 1455 1421 1529 οὒκ
1467 1461 2014 1553 ἐγνωσμένην.
2061 1503 2143 1510 —
2192 1464 2718 1553 σεμνολόγημ
2742 1492 2815 1547 α,

522 1569 694 1651 quod
735 1568 802 1633 in
847 1567 1106 1634 scholiis
1151 1566 1407 1651 saepius
1464 1571 1832 1652 usurpatur,
1890 1587 2014 1633 non
2072 1567 2391 1634 inuenitur
2444 1574 2593 1633 ante
2639 1569 2813 1635 Sext.

521 1671 755 1756 Empir.
797 1691 858 1755 p.
896 1673 1072 1756 177.‚
1128 1673 1391 1752 Procop.
1435 1667 1587 1734 Gaz.
1633 1689 1731 1753 ep.
1764 1672 1896 1754 48.‚
1954 1669 2143 1753 Greg.
2185 1669 2486 1737 Nazianz.
2534 1671 2649 1755 Ep.
2697 1674 2818 1756 59„

519 1795 580 1859 p.
605 1777 747 1839 816.
781 1777 846 1838 et
872 1769 1020 1837 inde
1051 1769 1440 1855 saepissime.
1465 1807 1547 1816 —
1573 1768 1947 1853 λαξεύειν,
1983 1770 2154 1853 quod
2183 1771 2495 1839 habemus
2526 1773 2590 1853 in
2619 1772 2817 1839 schol.

521 1875 721 1942 Thuc.
754 1875 801 1940 Ι.
834 1877 933 1938 93.
951 1923 967 1957 ‚
1013 1872 1186 1959 apud
1231 1872 1618 1957 Byzantinos
1662 1879 1906 1939 tantum
1951 1873 2299 1958 inuenitur,
2346 1875 2424 1940 cf.
2464 1875 2661 1941 schol.
2694 1876 2817 1959 Ly-

523 1976 737 2062 cophr.
763 1979 906 2040 523.
946 1971 1233 2040 Eustath.
1263 1995 1326 2058 p.
1352 1977 1496 2060 230,
1522 1979 1580 2042 3.
1617 1972 1911 2042 Eumath.
1943 1979 2040 2040 14.
2062 2011 2145 2020 —-
2167 1974 2607 2061 μάγγανον,
2646 1975 2817 2057 quod

522 2079 869 2146 scholiasta
895 2074 981 2141 ad
1013 2077 1093 2141 Π.
1124 2080 1181 2140 4.
1213 2075 1345 2142 suis
1387 2077 1777 2161 temporibus
1821 2097 1935 2162 pro
1977 2076 2267 2160 βάλανος
2297 2078 2608 2144 uocabulo
2638 2097 2814 2144 usur-

523 2181 685 2266 pari.
711 2180 827 2264 ait,
885 2179 1039 2244 item
1094 2179 1161 2244 in
1205 2178 1448 2245 scholio
1505 2179 1591 2244 ad
1636 2178 1955 2265 Aristoph.
1994 2180 2183 2264 Vesp.
2230 2199 2287 2246 u.
2326 2184 2462 2245 155.
2523 2184 2588 2246 et
2644 2177 2817 2264 apud

696 2422 746 2484 1)
792 2414 950 2484 Quod
993 2430 1190 2470 nomen
1238 2414 1398 2469 etiam·
1445 2431 1591 2470 nunc
1637 2415 1922 2470 habemus:
1976 2415 2157 2470 Bucht
2201 2402 2307 2472 ion
2342 2419 2699 2488 Δραγαμέστο
2750 2415 2816 2468 cf.

523 2502 772 2557 Bursian.
811 2500 1002 2567 Geogr.
1039 2517 1086 2554 v.
1124 2499 1430 2553 Griechenl.
1454 2500 1497 2553 I.
1520 2518 1569 2570 p.
1599 2504 1710 2555 113.

696 2591 747 2653 2)
781 2585 1001 2639 Scholia
1035 2584 1412 2654 Thucydidea‚
1450 2600 1590 2653 quae
1625 2585 1695 2638 ad
1730 2601 1817 2639 res
1851 2584 2238 2653 geographicas
2272 2585 2546 2654 pertinent
2562 2627 2575 2650 ‚
2612 2586 2817 2654 saepis-

524 2672 657 2728 sime
679 2687 711 2725 e
733 2669 885 2725 fonte
920 2669 1119 2739 optimo
1155 2668 1408 2724 uidentur
1439 2669 1678 2723 fluxisse.
1735 2670 1924 2739 Neque
1949 2676 2131 2726 tamen
2154 2669 2352 2736 adhuc,
2386 2684 2653 2743 quaenam
2687 2673 2817 2726 sub·
2879 2679 2884 2682 “

525 2765 667 2812 esset
700 2756 866 2823 origo,
902 2755 1158 2822 indagare
1193 2753 1368 2824 potui,
1403 2754 1508 2809 nisi
1541 2755 1597 2808 in
1634 2755 1846 2817 duobus
1883 2756 2131 2810 scholiis:
2168 2754 2263 2810 IV.
2286 2760 2373 2809 -56,
2410 2753 2515 2819 τὴν
2537 2752 2816 2824 Λιμηράν]

523 2842 618 2895 οὐκ
666 2844 724 2894 ἐκ
772 2839 927 2908 λιμοῦ
975 2834 1148 2892 οὕτως
1185 2834 1528 2907 ὠνόμασται,
1576 2832 1711 2891 ἀλλά
1757 2839 1846 2895 διὰ
1891 2840 1955 2894 τὸ
2003 2837 2232 2895 πολλοὺς
2265 2843 2408 2904 ἔχειν
2442 2836 2657 2907 λιμένας
2690 2834 2816 2890 ἀντὶ

523 2930 621 2980 τοῦ
670 2921 1016 2994 Λιμενηράν,
1063 2923 1207 2991 quod
1247 2922 1391 2977 idem
1436 2923 1647 2978 rettulit
1689 2923 2055 2992 Apollodorus
2104 2923 2172 2978 cf.
2212 2924 2407 2978 Strabo
2430 2922 2577 2977 VIII.
2603 2939 2655 2991 p.
2678 2925 2816 2987 368„

524 3010 722 3066 Herod.
759 3010 842 3064 ed.
869 3009 1053 3063 Lentz.
1078 3009 1120 3061 1.
1145 3024 1198 3077 p.
1219 3012 1337 3074 260,
1357 3011 1464 3071 23.,
1499 3007 1755 3077 Stephan.
1794 3008 1921 3077 Byz.
1960 3023 2003 3062 s.
2030 3025 2104 3073 u.‚
2138 3008 2316 3079 Etym.
2343 3009 2484 3078 Mag.
2520 3026 2573 3078 p.
2595 3013 2712 3075 566,
2732 3013 2817 3063 34.

419 3133 429 3141 ·
526 3095 861 3163 Goslingsius
907 3110 961 3162 p.
991 3097 1073 3147 83.
1126 3092 1265 3147 falso
1316 3091 1716 3147 Artemidorum
1767 3094 2043 3147 auctorem
2082 3093 2253 3148 fuisse
2294 3094 2571 3149 contendit
2616 3093 2819 3148 Eusta-

524 3182 606 3235 thi
638 3179 945 3235 testimonio
989 3177 1140 3232 nisus
1184 3194 1238 3246 p.
1260 3180 1376 3243 287,
1402 3181 1481 3231 13.
1551 3178 1657 3232 Sed
1688 3177 2038 3232 Eustathium
2072 3179 2385 3247 saepissime
2421 3179 2642 3233 nomina
2675 3178 2820 3232 inter

529 3280 585 3316 sn
625 3264 929 3316 confudi-:ssu
969 3268 1388 3317 consentaneum
1422 3268 1520 3318 est.
1594 3263 1897 3318 Scholiasta
1928 3263 2308 3334 Thucydideus
2345 3277 2446 3317 sua
2480 3262 2714 3317 fortasse
2750 3278 2817 3317 ex

529 3352 833 3404 Herodiano
893 3347 1108 3416 1.1etiuit,
1161 3363 1286 3401 cum
1336 3347 1655 3416 Apollodori
1706 3363 1900 3417 opera,
1950 3354 2307 3418 posteaquam
2359 3342 2641 3402 Strabonis
2693 3347 2822 3402 libri

529 3434 729 3500 publici
769 3432 897 3484 iuris
937 3432 1069 3488 facti
1103 3437 1256 3497 sunt,
1294 3430 1388 3486 uix
1422 3430 1544 3500 ipsa
1564 3431 1975 3501 inspicerentur.
2034 3433 2435 3488 Artemidorum
2469 3447 2601 3487 uero
2625 3431 2823 3486 scholii

529 3524 801 3572 aucturam
841 3520 1098 3572 habemus
1134 3516 1176 3569 1.
1198 3522 1264 3582 4.,
1301 3516 1396 3570 ubi
1432 3516 1737 3585 catalogum
1772 3517 2077 3587 quindecim
2113 3517 2402 3589 Cycladum
2436 3516 2711 3583 inuenies,
2747 3517 2821 3571 cf.

529 3604 705 3656 strab.
761 3620 805 3672 p.
841 3608 957 3656 45³5.
1025 3601 1260 3656 Nomina
1305 3601 1352 3655 si
1395 3616 1504 3656 non
1552 3602 1759 3668 omnia,
1802 3602 2060 3672 pleraque
2104 3606 2285 3658 tamen
2328 3603 2470 3657 inter
2517 3617 2576 3657 se
2620 3618 2821 3657 conue-

529 3692 713 3748 niunt.
765 3704 881 3740 [tum
921 3688 1152 3757 Σκῦρος,
1200 3686 1343 3754 quod
1392 3685 1687 3741 scholiasta
1732 3687 1976 3753 exhibet,
2021 3688 2140 3742 sine
2186 3686 2349 3743 dubio
2397 3687 2470 3742 sit
2505 3691 2820 3756 corruptum
2921 3753 2927 3759 ι

440 3780 444 3782 ·
529 3792 625 3840 prc-
665 3776 829 3840 ,Sipus
873 3772 957 3824 [cf.
994 3770 1257 3835 Bursian,
1295 3770 1485 3838 Geogr.
1511 3770 1581 3825 H.
1607 3788 1659 3839 p.
1687 3776 1805 3827 384.
1831 3776 1965 3840 390.,
2002 3773 2144 3827 unde
2178 3772 2401 3841 Scyrum
2437 3786 2649 3841 semper
2681 3773 2819 3840 Spo-

529 3860 717 3908 radum
765 3856 1087 3925 particulam
1131 3855 1300 3910 fuisse
1347 3854 1656 3922 discimus),
1708 3872 1884 3926 neque
1918 3853 2120 3928 Ἴκαρος
2164 3856 2282 3913 siue
2323 3852 2529 3928 Ἰκαρία
2576 3857 2741 3911 fuerit
2789 3872 2821 3910 e

529 3945 817 4009 [ly-sladum
845 3957 1082 4007 immero,
1108 3940 1203 3997 sed
1225 3940 1409 4010 potius
1436 3937 1661 4011 Γῦαρος,
1686 3949 1747 3996 ut
1770 3942 1965 3997 Strabo
1989 3942 2163 3997 docet.
2213 3942 2407 3999 Cetera
2432 3957 2656 4012 prorsus
2679 3940 2822 3995 inter

533 4045 589 4077 Βῆ*
629 4029 969 4077 conueniunt.
1020 4033 1030 4053 ⁵·
2103 4025 2105 4028 -
