3142 4700
341 304 519 375 Quaestiones
537 304 571 360 da
588 304 753 361 scholiorum
770 304 1005 376 Thucydideorum
1021 304 1152 363 fontibus.
1268 306 1328 366 139

178 497 250 547 csse
282 476 420 545 uidimus
460 483 493 546 et
531 475 617 544 idem
650 476 872 560 disquisitione
910 479 1089 567 1001000010
1119 477 1264 547 10000100
1297 478 1338 547 10

178 580 307 649 scholiis
329 579 586 648 Demosthenicis
614 585 646 647 ct
667 579 865 648 Aeschineis.
908 580 959 649 De
979 579 1030 646 his
1057 580 1330 667 100000000οῄ-

176 702 248 750 mns
275 703 306 769 p.
323 685 373 748 84.
389 701 453 767 sq,
484 688 517 748 et
546 700 740 773 quamquam
768 684 802 749 iu
828 683 1038 750 atticistarum
1058 684 1246 765 fragmentis
1267 685 1329 752 Eu·

179 782 349 852 stathianis
378 783 554 852 Aeschines
587 802 743 868 nusquam
776 783 941 869 laudatur,
973 788 1082 851 100000
1111 804 1166 852 000
1194 784 1330 854 scholio·

178 907 247 955 rum
269 884 518 954 Aeschineorum
542 894 685 956 auctores
708 907 778 954 esso
800 885 1088 955 demonstrauimus
1110 906 1135 953 0.
1151 909 1182 954 0.
1203 885 1331 973 κρωβύ-

109 1025 113 1031 -
179 990 251 1070 λος,
274 988 414 1071 θέμενοι
435 984 477 1055 τὰ
500 980 604 1070 όπλο,
628 995 668 1063 et,
681 989 892 1056 atticistarum
913 988 1100 1072 fragmentis
1114 1009 1185 1056 cum
1201 989 1332 1056 scholiis

178 1091 366 1159 Aeschiueis
388 1092 567 1160 accuratius
590 1092 716 1160 collatis
737 1092 906 1159 nonnullos
928 1092 1016 1158 locos
1037 1089 1262 1159 conuenientes
1283 1091 1329 1158 in-

179 1194 269 1277 ueni,
303 1211 383 1276 quos
411 1193 464 1260 hio
498 1198 635 1261 tractare
664 1213 769 1275 meum
797 1213 862 1260 non
884 1203 941 1260 est,
985 1193 1075 1272 Quae
1104 1213 1176 1260 oum
1204 1193 1331 1278 Thucy-

180 1295 283 1363 dideis
306 1296 512 1378 conueniant,
534 1295 658 1363 scholia
679 1301 806 1382 praeter
827 1294 900 1379 illa,
923 1296 964 1363 de
990 1296 1105 1379 quihus
1126 1296 1192 1362 iam
1214 1295 1332 1363 dictum

180 1404 244 1481 est,
266 1416 329 1464 000
351 1397 486 1483 repperi.
531 1399 582 1464 De
604 1397 860 1465 Demosthenicis
882 1416 975 1481 uero,
1005 1417 1088 1481 quae
1108 1399 1175 1465 iam
1197 1398 1241 1465 ad
1261 1398 1331 1465 illu

181 1498 345 1566 strandum
368 1499 579 1567 atticistarum
600 1503 693 1567 usum
715 1498 866 1583 adhibui,
888 1518 992 1584 pauca
1014 1498 1165 1568 addenda
1186 1505 1276 1584 sunt,
1298 1504 1334 1567 ut

180 1621 294 1667 reuera
326 1602 479 1669 nonnulla
507 1601 550 1668 ad
578 1603 734 1669 atticistas
766 1601 935 1668 referenda
963 1621 1038 1692 esse
1068 1601 1332 1671 demonstremus.

135 1718 139 1726 ·
182 1704 252 1772 Vno
277 1701 406 1786 quidem
428 1704 499 1771 loco
521 1704 632 1772 Aelius
647 1703 821 1788 Dionysius
836 1704 1088 1771 Demosthenem
1109 1703 1240 1788 respicit
1261 1724 1286 1770 ι.
1302 1725 1332 1770 0.

181 1806 322 1894 ῥιῦπος
346 1804 503 1888 (Eustath.
525 1827 556 1890 p.
569 1810 704 1891 927,53.
721 1834 763 1858 =
777 1805 848 1872 Ael.
870 1806 964 1872 Dion.
987 1827 1019 1890 p.
1036 1810 1104 1873 134.
1128 1805 1332 1891 Schwartz.)·

182 1904 304 1986 λεπτὸς
325 1908 382 1974 καὶ
405 1899 523 1993 ἀτελὴς
538 1906 676 1997 φόρτος,
700 1903 745 1985 ὥς
763 1907 800 1973 δὲ
813 1905 940 1983 Αἴλιος
954 1905 1135 1984 Δισνόσισς
1158 1908 1254 1994 λέγει,
1277 1910 1334 1975 καὶ

182 2010 352 2088 ποικίλος·
376 2009 497 2098 φέλφην
526 2009 562 2075 δὲ
591 2003 691 2077 αὐτόν
719 2007 831 2095 ἔλεγον
855 2008 887 2075 οἱ
909 2010 1063 2076 παλαιοί.
1093 2001 1177 2076 ὅθεν
1199 2005 1331 2076 καθάό

182 2109 395 2200 ῥωποπιόλης
424 2103 510 2178 otico
538 2114 595 2179 καλ
622 2107 640 2178 ό
663 2110 894 2199 γελγοπιόλης·
926 2107 945 2199 ἡ
970 2110 1006 2178 δὲ
1028 2109 1116 2188 λέξις
1135 2116 1196 2179 τοῦ
1218 2112 1334 2200 ῥώπον

182 2212 277 2301 παρά
305 2237 341 2278 τε
362 2216 578 2302 Δημοσθένει
606 2216 661 2280 καὶ
683 2212 826 2301 «ἑτέροις.
861 2211 895 2279 ἐκ
916 2212 1034 2280 τούτου
1061 2213 1175 2280 δὲκαὶ
1197 2215 1334 2302 ῥωπο-

184 2315 467 2406 περπερήθρυ
501 2341 552 2396 τις
574 2320 784 2406 προςερρέθρ
815 2313 874 2382 snt
892 2313 1086 2404 χυόαιότητι
1108 2317 1163 2382 καὶ
1186 2316 1336 2404 φλυαρίᾳ

185 2416 419 2502 σκωπτόμενος
425 2469 434 2499 ,
464 2411 503 2484 οὗ
532 2414 551 2505 ἡ
581 2416 762 2507 παραγωγὴ
793 2417 877 2484 κατὰ
905 2416 943 2485 τὸ
974 2417 1188 2506 ὁοκτυλήθρα
1217 2421 1272 2485 καὶ
1293 2415 1335 2483 τά

184 2513 297 2605 όμσια.
334 2524 474 2609 φέρεται
501 2520 537 2586 δὲ
565 2523 621 2593 καὶ
650 2521 740 2609 ῥῆμα
768 2517 807 2586 τό
838 2518 996 2608 ῥωπλζειν
1023 2518 1042 2586 ὂ
1072 2519 1169 2608 δηλοῖ
1188 2518 1230 2586 τά
1253 2541 1336 2603 συμ-

184 2622 285 2708 μικτά
299 2624 355 2688 καὶ
371 2627 634 2712 συμπεφυρμένα
649 2635 771 2689 ποιεῖν.
807 2621 969 2708 Scholion,
986 2622 1073 2705 quod
1087 2623 1266 2706 conueniat,
1282 2623 1336 2690 de-

187 2733 244 2794 est
277 2726 449 2793 Praetorea
465 2725 653 2811 saepissime
667 2724 900 2809 Harpocration
923 2745 995 2793 cum
1010 2725 1140 2793 scholiis
1161 2725 1227 2791 illis
1249 2745 1335 2810 pror·

137 2893 143 2898 ,
186 2847 241 2894 sus
271 2827 423 2912 conciuit,
453 2843 516 2910 qna
543 2846 591 2894 re*
608 2827 673 2893 iam
702 2846 799 2912 supra
820 2826 993 2894 uerisimile
1020 2825 1187 2910 duximus,
1209 2819 1355 2910 ¹scholia

185 2928 450 3014 Demosthenica,
479 2949 561 3012 quae
583 2929 627 2996 ad
648 2949 743 2996 noces
765 2924 977 3016 Λεωκόριον,
1001 2925 1142 3015 ἐπήρετο
1163 2928 1338 3011 attulimus,

186 3051 229 3097 ex
250 3031 459 3097 attioistarum
475 3032 599 3100 00010110
621 3031 812 3118 deprompta
833 3049 913 3098 esse.
949 3029 1099 3098 Fortasse
1120 3029 1217 3113 igitur
1232 3050 1251 3097 0
1266 3050 1338 3097 oon-

185 3148 283 3197 00000
304 3129 497 3199 scholiorum
519 3132 800 3218 Thucydideorum
820 3127 853 3198 'et
873 3131 1191 3201 Demosthenicomm
1214 3130 1339 3197 duobus

185 3231 266 3298 locis
289 3229 437 3299 atticistis
458 3251 518 3300 000
537 3234 704 3303 restituere
725 3233 845 3301 licebit.

273 3333 378 3417 Atque
404 3333 509 3419 priore
538 3333 666 3416 quidem
693 3336 765 3402 loco
793 3334 949 3401 hahemus
977 3340 1122 3418 apertum
1151 3351 1339 3400 consensum

186 3424 426 3504 inter‘Suidam
441 3455 465 3501 0.
481 3455 511 3502 0.
535 3441 567 3502 ot
588 3435 712 3504 scholia
733 3434 955 3522 Thucydidea.
991 3433 1087 3519 Apud
1103 3433 1237 3501 Suidam
1259 3434 1340 3501 hacc

187 3535 471 3625 0001εκηρόκιόν
487 3535 558 3604 ἐστι
573 3536 669 3616 ξύλον
684 3530 801 3627 ὀρθόν,
814 3536 887 3620 dxcv
903 3530 1155 3624 ἀμφωτέρωθεν
1172 3533 1231 3600 δύο
1242 3530 1340 3624 όφεις

186 3639 518 3726 περιπεπλεγμένους
544 3642 601 3706 καὶ
628 3633 909 3730 ἀντιπροσώπους
936 3636 1024 3721 πρὸς
1050 3632 1212 3726 ἀλλήλους
1232 3642 1340 3722 κειμέ·

188 3764 280 3820 νσυς,
310 3732 394 3827 όπερ
425 3740 573 3808 εἰώθασι
599 3745 714 3830 φέρειν
744 3742 777 3807 οἱ
805 3739 940 3829 κήρυκες
965 3732 1039 3825 μετ’
1067 3733 1175 3805 αὐτῶν
1203 3741 1258 3805 καὶ
1282 3732 1339 3805 οάκ

188 3841 264 3930 ἐξῆν
288 3836 407 3919 αὐτοὺς
430 3835 571 3922 ἀδικεῖν,
594 3836 677 3931 ποορ>
704 3841 760 3920 οὓς
784 3836 983 3932 ἀπήρχοντο.
1007 3827 1337 3930 acccuratissime*

131 3977 134 3982 ·
187 3944 249 4029 μὲν
270 3936 378 4030 ὀρθόν
401 3941 496 4021 ξύλον
518 3946 578 4010 τοῦ
595 3936 702 4030 decor]
724 3943 838 4030 λόγου,
861 3942 898 4011 τὸ
923 3943 959 4009 dl
981 3936 1064 4031 παρ’
1091 3941 1229 4031 ἑκάτερα
1251 3939 1341 4019 εἶδος

188 4048 256 4111 τῶν
278 4039 390 4133 όφεων
412 4043 454 4109 τὰ
477 4037 741 4129 ἀντιτασσόμενοι
758 4032 980 4133 στρατόπεδα.
1002 4041 1020 4112 ό
1043 4043 1105 4135 γὰρ
1120 4038 1228 4134 ὀρθὸς
1243 4042 1339 4133 λόγος
