3142 4700
256 301 297 359 74
692 300 826 356 Ernestus
844 300 975 356 Schwabe

204 494 207 501 ’
256 473 385 541 omnino
413 473 654 558 grammaticum
682 473 773 539 illum
802 473 933 541 citatum
959 472 1118 557 uidemus,
1148 473 1247 540 semel
1275 473 1308 538 in
1336 458 1404 567 uita

254 577 350 643 Marc.
365 578 461 656 §taz
485 574 594 641 ἰστέον
617 575 653 641 δέ
674 567 728 643 ὅτι
749 573 809 662 την
824 581 1055 662 πραγματείαν
1070 567 1171 641 αὐτοῦ
1186 573 1294 657 οἱμὲν
1309 576 1403 638 κατέ·

254 702 354 761 τεμον
376 676 424 755 εἰς
445 691 533 766 τρεῖς
555 680 609 743 καὶ
633 677 710 743 δέκα
723 712 725 715 ·
740 677 889 765 ἱστορίας
895 730 908 772 3
936 672 1031 745 άλλοι
1054 676 1090 743 δὲ
1113 672 1231 754 άλλως.
1254 668 1344 759 ὅμως
1367 676 1403 741 δὲ

168 785 177 802 ’
255 775 274 866 ἡ
297 781 438 869 πλείστη
460 782 515 845 καί
538 775 557 867 ἡ
578 777 670 867 κοινὴ
687 777 860 868 κεκράτηκε
874 777 911 845 τὸ
927 785 1023 866 μέχρι
1036 782 1103 846 τῶν
1117 772 1201 845 ὀκτώ
1219 778 1403 866 διῃρῆσθαι

253 880 313 969 την
342 887 574 969 πραγματείαν
602 877 648 959 ὥς
675 883 731 948 καὶ
759 880 927 970 ἐπέκρινεν
955 876 972 947 δ
997 874 1197 969 Ἀσκληπιός
1205 911 1215 964 ,·
1242 882 1343 948 semel
1370 882 1402 948 in

254 984 384 1052 scholiis
405 987 430 1069 I,
446 989 513 1052 56.:
536 981 826 1072 ἐπιδημιοοργοάς]
850 979 867 1049 δ
887 976 1133 1072 Ἀσκληπιάδης
1154 981 1213 1072 την
1236 982 1295 1050 ἐπὶ
1316 983 1401 1073 πρό-

255 1091 354 1152 θεσιν
377 1078 536 1174 περιττὴν
559 1087 655 1173 λέγει.
689 1084 984 1175 ἓέπιδημιοοργοί
1014 1080 1168 1175 ἄρχοντες
1189 1085 1402 1169 πεμπόμενοι

255 1187 432 1275 φυλάρχων
462 1188 556 1267 τάξιν
589 1188 727 1272 ἐ’χοντες.
765 1190 785 1272 ἐ
813 1183 919 1272 ὄνομα
952 1181 1052 1277 ἀρχῆς
1080 1185 1279 1276 δημιουργὸς
1307 1188 1401 1274 παρὰ

255 1293 455 1377 Κορινθίοις
477 1284 666 1377 [άπαίκοιςλ
690 1286 786 1357 άλλοι
807 1289 870 1378 γὰρ
893 1285 1002 1368 άλλως
1016 1288 1094 1367 τοὺς
1110 1285 1270 1377 άρχοντας
1283 1291 1401 1357 καλοδ-

256 1415 319 1458 σιν.
343 1391 452 1459 ἰστέον
475 1392 511 1458 δὲ
533 1376 586 1460 ὅτι
606 1391 743 1469 τοίτοος
765 1393 799 1459 οἱ
814 1398 996 1481 Κορίνθιοι
1010 1386 1214 1459 ἀπέστελλον
1230 1390 1312 1458 κατὰ
1329 1391 1401 1470 ἔτος

255 1492 509 1572 Ποτιδαιάτας.
549 1495 678 1562 Variam
699 1496 797 1578 igitur
817 1497 973 1563 habemus
989 1495 1125 1562 nominis
1140 1494 1337 1580 scripturam,
1360 1495 1401 1562 de

255 1616 320 1680 qua
334 1597 399 1663 iam
413 1599 559 1683 Krueger
572 1596 730 1682 (Analect.
742 1600 767 1664 l.
783 1620 814 1683 p.
828 1597 891 1682 79.)
907 1599 954 1664 ita
967 1598 1043 1680 egit,
1057 1604 1092 1664 ut
1107 1597 1203 1664 etiam
1218 1597 1401 1664 Marcellino

254 1691 501 1786 Ἀσκληπιάδης
529 1721 644 1768 nomen
677 1701 866 1769 restitueret.
911 1698 977 1767 Sed
1007 1720 1077 1766 cum
1104 1699 1264 1766 Lehrsius.
1281 1695 1400 1781 (Anall.

254 1823 385 1887 gramm.
394 1794 574 1886 Regimonti
585 1825 613 1870 a.
624 1802 728 1887 1816.)
741 1803 838 1871 etiam
844 1802 1011 1887 Asclepios
1021 1800 1177 1884 quosdam
1188 1800 1286 1868 fuisse
1296 1819 1398 1883 gram-

255 1905 389 1970 maticos
404 1903 683 1989 demonstrauerit‚
706 1904 839 1973 dubium
861 1911 924 1989 est,
948 1911 1018 1971 utra
1040 1904 1175 1971 nominis
1189 1906 1293 1969 torma
1306 1925 1398 1987 prae·

231 2003 387 2072 'ferenda
408 2005 458 2072 sit.
502 2006 650 2090 Accedit,
679 2006 765 2091 quod
792 2007 930 2075 nominis
957 2006 1058 2090 ipsius
1087 2027 1158 2073 cum
1180 2005 1400 2091 patronymico

223 2107 472 2201 'confusionem
501 2109 724 2175 creberrimam
756 2129 827 2176 esse
855 2109 989 2191 scimus,
1023 2110 1061 2176 ci.
1091 2107 1292 2175 notissimum
1320 2107 1400 2174 illud

255 2209 437 2294 exemplum
459 2211 492 2276 in
506 2210 574 2276 uita
589 2210 751 2278 Theocriti
772 2216 805 2276 et
826 2211 891 2277 alia
912 2211 1021 2277 multa.
1059 2209 1152 2277 Hunc
1169 2214 1276 2276 autem
1291 2211 1400 2278 Ascle·

254 2311 383 2398 piadem
397 2312 598 2398 Myrleanum
619 2312 772 2380 Eumenis
791 2319 824 2379 et
837 2314 938 2380 Attali
957 2312 1126 2395 aequalem
1142 2310 1240 2384 fuisse
1255 2313 1400 2399 Krueger

254 2416 275 2482 l.
287 2415 308 2482 l.
324 2415 449 2500 putauit
463 2421 496 2482 et
510 2415 670 2499 persuasit
684 2415 838 2482 Muellero
854 2415 995 2500 (Fragm.
1012 2415 1120 2481 histor.
1135 2413 1248 2482 Graec.
1263 2416 1326 2482 uol.
1342 2417 1398 2482 111.

254 2539 286 2601 p.
299 2517 396 2601 aba).
433 2518 547 2598 Neque
569 2520 677 2583 tamen
699 2517 780 2585 haec
801 2517 939 2603 suspicio
962 2518 1028 2585 ullo
1050 2518 1141 2584 firmo
1157 2517 1267 2583 nititur
1286 2516 1397 2584 funda·

255 2623 377 2704 mento,
411 2639 483 2685 cum
501 2617 602 2686 ,haud
634 2619 729 2704 pauci
757 2620 970 2706 Asclepiadae
998 2619 1200 2687 innotuerint.
1251 2620 1343 2702 Quod
1371 2620 1399 2686 si

247 2722 458 2789 ‘recordamur
480 2727 555 2787 ante
569 2720 743 2806 Didymum
766 2721 903 2806 uestigia
925 2721 1221 2790 commentariorum
1243 2723 1331 2787 nulla
1352 2721 1398 2787 in-

255 2824 366 2908 ueniri,
388 2823 493 2909 potius
508 2843 579 2894 cum
593 2823 726 2912 Lehrsio
742 2825 762 2889 l.
774 2825 795 2889 l.
812 2846 862 2892 no.
879 2829 914 2888 11
933 2824 973 2891 de
988 2826 1195 2909 grammatico
1215 2823 1399 2908 posterioris

255 2925 370 2992 aetatis
388 2924 607 3012 cogitabimus.
641 2924 795 3008 ³Ceterum
807 2927 1067 3017 commentarium
1083 2925 1282 3011 Asclepiadis
1297 2927 1399 3010 magis

254 3046 360 3098 rerum
382 3026 611 3110 explicationes
633 3026 825 3094 continuisse
840 3027 1072 3118 Doberentzius
1086 3050 1117 3114 p.
1133 3033 1181 3094 11.
1203 3027 1341 3095 affirmat
1359 3048 1398 3095 eo

254 3133 440 3211 argumento
468 3129 584 3212 fretus,
613 3128 700 3212 quod
728 3130 806 3196 locis
835 3149 930 3215 supra
958 3130 1097 3198 laudatis
1125 3129 1261 3198 formula
1290 3128 1398 3196 ἰστέον

253 3222 307 3296 ὅτι
322 3228 435 3295 addita
449 3229 503 3297 sit:
526 3230 705 3312 ubicunque
727 3231 823 3313 igitur
844 3233 902 3298 illa
920 3240 1080 3318 occurrat,
1102 3232 1398 3302 scholiiauctorem

255 3352 325 3399 esse
347 3331 581 3416 Asclepiadem.
627 3332 719 3411 Quod
747 3339 968 3416 argumentum
997 3334 1170 3402 admodum
1192 3333 1296 3401 futtile
1318 3335 1399 3400 nihil

253 3435 369 3517 probat
389 3434 451 3501 nisi
473 3434 684 3519 ignorantiam
706 3436 859 3520 auctoris,
887 3437 942 3518 qui
969 3437 1022 3504 nel
1045 3458 1064 3504 c
1085 3435 1214 3503 scholiis
1236 3436 1397 3522 Thucydi·

254 3535 338 3618 deis,
367 3535 395 3604 si
423 3535 593 3619 diligenter
624 3559 664 3605 ea
691 3539 882 3622 collegisset,
894 3539 919 3623 ¹)
948 3539 1031 3605 hanc
1059 3538 1250 3607 sententiam
1271 3560 1398 3624 prorsus

253 3639 368 3705 falsam
398 3657 469 3703 esse
497 3638 716 3706 intellexisset.
760 3641 905 3707 Alteram
934 3641 1114 3726 opinionem
1144 3643 1265 3727 profert
1293 3643 1397 3710 Dobe-

254 3740 390 3808 rentzius
412 3739 455 3805 ad
477 3740 619 3808 scholion
640 3742 720 3809 illud
742 3742 939 3810 notissimum
953 3745 978 3827 l,
995 3747 1060 3810 hb:
1085 3735 1285 3831 Ἀνδοκίδης]
1308 3739 1325 3810 ὁ
1350 3741 1397 3820 εἷς
1436 3781 1439 3784 -

252 4059 291 4114 HI
341 3979 363 4039 1)
382 3975 522 4031 inuenitur
540 3977 607 4031 haec
624 3976 742 4032 formula
759 3977 779 4036 Ι,
798 3982 823 4032 6.
838 3983 877 4032 to.
894 3984 933 4034 11.
951 3985 993 4035 25.
1009 3984 1104 4035 81181.
1120 3984 1176 4034 141.
1195 3980 1229 4045 ΙΙ,
1244 3984 1284 4034 19.
1298 3985 1340 4035 36.
1356 3985 1397 4035 85.

294 4101 300 4126 ‚
319 4064 342 4114 4.
364 4066 419 4114 110.
