3142 4700
230 352 289 409 116
400 304 405 313 Ι
665 347 800 403 Ernestus
818 346 949 402 Schwabe

228 505 326 590 usuum
357 542 398 588 ex
426 519 590 604 atticistis,
624 518 665 586 de
694 519 809 603 quibus
836 520 900 585 iam
930 516 1177 602 disputauimus,
1211 536 1283 583 oum
1311 518 1379 583 nul·

227 626 293 691 lum
323 626 534 706 fragmentum
563 621 597 687 iu
623 641 741 705 magno
767 620 895 687 illorum
917 639 1048 687 numero
1074 618 1179 686 adhuc
1201 616 1381 686 exhibuerit

229 729 334 793 locum
366 746 408 792 ex
437 723 627 806 aequalibus
659 722 867 806 scriptoribus
898 723 983 807 apud
1017 721 1174 788 atticistas
1204 720 1379 787 laudatum.

231 827 309 893 (lum
333 845 410 892 uero
432 823 620 909 saepissime
635 821 769 889 Suidam
792 845 833 890 ex
855 825 968 909 opibus
989 823 1057 890 suis
1078 823 1226 906 exempla
1248 822 1378 906 escrip

117 982 122 993 ,
230 928 353 995 toribus
374 927 558 1011 posterioris
580 923 695 992 aetatis
717 932 845 1009 sumpta
866 923 1031 991 addidisse
1059 930 1196 1007 mustet,
1226 924 1381 991 hocloco

232 1050 305 1096 eum
328 1048 347 1094 e
368 1031 456 1094 fonte
479 1025 582 1091 alieno
605 1024 752 1095 hausisse
767 1026 975 1093 censebimus.
1012 1026 1162 1092 Fortasse
1182 1027 1251 1110 ipse
1273 1025 1380 1091 locum

228 1132 320 1198 illum
343 1127 484 1212 addidit,
503 1147 578 1193 *cum
600 1148 642 1194 ex
662 1126 768 1194 indiae
783 1128 1034 1213 Bemhardyano
1055 1127 1089 1192 in
1110 1126 1291 1192 auctoribus
1310 1127 1381 1193 Sui-

229 1231 292 1298 dae
314 1229 502 1315 gratissimis
518 1229 685 1295 Arrianum
707 1230 806 1297 fuisse
828 1235 993 1315 appareat.
1030 1229 1147 1295 Glossa
1167 1229 1280 1311 igitur,
1304 1249 1381 1311 qua-

229 1336 294 1401 lem
308 1332 441 1399 Photius
464 1351 536 1399 eam
558 1330 707 1416 exhibet,
729 1353 770 1398 ex
793 1332 1002 1399 atticistarum
1024 1350 1108 1415 penu
1131 1327 1301 1414 desumpta
1322 1337 1381 1416 est,

229 1437 318 1503 loeus
340 1439 448 1501 autem
463 1433 591 1500 Arriani
606 1433 649 1499 ab
663 1433 721 1499 illa
741 1432 964 1500 sesemendus.
998 1432 1178 1517 Hesychius
1196 1451 1221 1499 s.
1237 1454 1267 1499 u.
1290 1458 1381 1519 παρ-

231 1536 428 1624 εξειρεσίαν·
457 1532 495 1601 τὸ
518 1531 602 1599 κατὰ
624 1531 683 1621 τὴν
705 1533 845 1622 πρῴραν
866 1532 932 1620 πρὸ
956 1536 1022 1599 τῶν
1043 1534 1181 1613 κωπῶν,
1205 1529 1251 1610 ὡς
1274 1533 1304 1599 εἰ
1327 1535 1381 1599 λέ-

229 1664 284 1726 νοι
298 1663 350 1718 τις
371 1636 482 1725 παρὲξ
500 1639 559 1725 τῆς
582 1634 726 1723 εἰρεσίας
748 1636 861 1719 tradit,
884 1636 970 1718 quod
992 1636 1119 1703 omnino
1141 1637 1288 1704 conuenit
1309 1659 1382 1704 cum

230 1741 352 1808 scholio
367 1740 467 1807 Thus.
473 1739 543 1806 Vll.
557 1741 607 1805 34.
637 1737 820 1805 Scholiasta
833 1739 929 1821 igitur
943 1738 985 1804 ad
1001 1738 1139 1805 eundem
1153 1741 1272 1805 fontem
1286 1739 1380 1824 redit,

230 1844 273 1911 ad
296 1863 391 1926 quem
414 1842 604 1925 Hesychius.
647 1841 793 1907 Eandem
815 1842 955 1923 glossam
977 1838 1095 1906 sudas
1115 1847 1189 1925 post
1210 1840 1316 1926 illam,
1340 1842 1380 1908 de

230 1964 296 2028 qua
328 1942 423 2010 modo
456 1942 713 2027 obseruauimus,
746 1940 887 2027 addidit,
918 1942 1052 2008 Photius
1081 1962 1153 2008 eam
1180 1963 1244 2010 uon
1273 1942 1380 2010 habet

231 2045 354 2125 Quodsi
376 2043 576 2126 Gosliugsius
596 2065 627 2129 p.
639 2047 689 2109 24.
719 2043 803 2111 hanc
829 2044 971 2127 glossam
1000 2042 1044 2110 ad
1065 2042 1240 2127 Didymum
1262 2045 1380 2114 referre

230 2147 347 2231 uoluit,
377 2145 496 2230 quippe
524 2164 596 2239 oum
625 2164 689 2226 qua
715 2144 859 2229 Hesyohi
887 2146 975 2211 locus
1004 2145 1201 2229 conueniret,
1231 2146 1380 2228 equidem

231 2248 315 2315 hauc
336 2246 490 2317 rationem
513 2245 653 2314 debilem
676 2266 747 2315 esse
768 2247 834 2312 iam
856 2265 954 2331 supra
975 2247 1193 2313 demonstraui
1206 2269 1238 2332 p.
1251 2252 1300 2314 80.
1315 2254 1379 2315 not.

260 2406 265 2416 .
317 2351 387 2419 Soli
407 2348 522 2416 Photio
545 2348 700 2417 debemus
721 2350 862 2435 glossam
884 2353 1107 2434 περίνεως·
1129 2345 1208 2426 τοὺς
1229 2347 1292 2428 ἔξω
1313 2353 1380 2416 τῶν

232 2448 422 2540 ὑπηρεσιῶν
439 2452 618 2531 πλέοντας,
642 2447 687 2528 ὡς
702 2449 867 2528 λιπόνεως
880 2448 958 2528 τοὺς
975 2449 1187 2528 λιποτάκτας.
1225 2452 1381 2520 Conuenit

231 2555 374 2622 scholion
394 2554 494 2620 Thus.
507 2553 531 2620 I.
546 2559 610 2619 tu:
632 2550 805 2640 περλνεως]
827 2550 905 2629 τοὺς
926 2550 1102 2640 περιττοὺς
1124 2550 1158 2619 ἐν
1180 2556 1220 2640 τῇ
1236 2555 1289 2641 νηὶ
1305 2552 1379 2620 ἐπι·

231 2654 337 2738 βάτος
359 2653 462 2721 οἱονεὶ
491 2652 637 2732 δούλους.
667 2658 687 2735 ξ
708 2651 786 2731 τοὺς
809 2651 985 2742 περιττοὺς
1006 2656 1061 2720 καὶ
1084 2652 1147 2732 ἔξω
1168 2658 1235 2721 τῶν
1256 2651 1380 2743 ὑπηρε·

232 2759 315 2822 σιῶν
329 2756 385 2822 καὶ
401 2805 494 2821 .....
510 2758 645 2843 πρῶτον
667 2758 840 2833 πλέοντας.
854 2756 879 2842 ¹)
912 2758 1024 2841 Neque
1045 2758 1253 2842 posteriorem
1267 2759 1381 2826 scholii

162 2861 169 2874 “
233 2865 356 2942 partem
370 2865 403 2925 et
417 2858 512 2925 Photi
532 2861 674 2944 glossam
696 2859 739 2925 ad
761 2856 898 2927 eundem
913 2864 1073 2925 auctorem
1091 2846 1243 2926 reuocare
1259 2859 1380 2928 dubito.

322 3078 345 3140 1)
362 3073 517 3139 Lacunam,
541 3091 621 3143 quam
643 3077 776 3144 indicaui,
802 3074 955 3130 necessario
980 3077 1151 3132 soluendam
1174 3093 1234 3134 esse
1250 3079 1314 3133 iude
1331 3095 1381 3149 ap·

233 3163 323 3226 paret,
346 3158 419 3226 quod
440 3164 571 3230 περλνααε
593 3176 649 3215 nou
672 3165 714 3216 est
737 3155 752 3213 ὁ
770 3161 880 3230 πρῶτον
901 3157 1002 3215 πλέον.
1037 3160 1086 3215 Ille
1107 3158 1273 3232 πρωτόναας
1289 3165 1381 3234 potius

175 3235 179 3242 '
233 3241 373 3297 uocaudus
391 3250 457 3298 erat.
492 3243 521 3297 Si
537 3245 642 3313 glossas
659 3245 740 3300 Photi
760 3245 821 3300 iure
845 3245 924 3300 utiles
942 3260 1002 3300 esse
1019 3244 1053 3299 ad
1070 3254 1196 3302 auctores
1219 3248 1381 3304 scholiorum

232 3327 414 3395 explorandos
432 3328 625 3396 iudicauimus,
644 3331 723 3384 etiam
741 3346 774 3385 ex
791 3331 844 3385 illis
862 3330 966 3385 scholia
983 3336 1111 3399 corrupta
1130 3333 1266 3401 corrigere
1280 3334 1382 3390 licebit.

233 3410 310 3465 Duas
329 3412 399 3465 enim
416 3413 489 3482 opud
501 3414 626 3469 Photium
643 3416 746 3484 glossas
763 3416 908 3470 habemus:
927 3410 1093 3485 πρωτόνεῳ·
1112 3415 1140 3468 οἱ
1156 3419 1269 3487 πρῶτον
1286 3416 1381 3472 πλέον·

232 3511 288 3547 aas·
316 3490 333 3560 ἢ
351 3499 466 3567 πρῶτον
488 3499 524 3551 εἰς
547 3497 635 3553 τόπον
651 3498 714 3553 τινὰ
732 3497 983 3553 καταπεπλευκότες
1000 3506 1027 3554 et
1043 3500 1139 3555 deinde
1156 3500 1319 3573 πρωτόνεωε
1337 3507 1383 3555 καὶ

233 3577 366 3650 ἄρχέννονε
392 3586 437 3633 καὶ
460 3580 530 3635 ἄλλοι
555 3581 643 3638 πολλὰ
664 3580 776 3653 ὁμοίως·
803 3589 848 3636 καὶ
873 3590 1004 3654 περλνεωε
1029 3583 1191 3653 Θονκυδίδης
1214 3589 1244 3640 ἐν
1269 3585 1381 3657 πρώτῳ.

235 3665 299 3720 Illas
322 3664 426 3733 glossas
447 3666 564 3723 fortasse
587 3669 665 3724 helio
687 3668 817 3737 Dionysio
845 3668 888 3725 uel
912 3669 1063 3725 Pausamae
1084 3670 1177 3726 deberi
1201 3671 1383 3727 schwartzius

233 3765 261 3817 p.
277 3753 334 3805 130.
357 3750 495 3805 contendit
518 3767 605 3820 neque
627 3759 717 3807 tamen
741 3752 823 3806 ullam
847 3767 957 3807 causam
985 3755 1084 3809 attulit.
1121 3755 1175 3810 (lur
1201 3757 1254 3811 hoc
1277 3757 1382 3824 fecerit,

234 3833 280 3886 hic
303 3833 450 3889 diiudicare
474 3842 595 3893 nostrum
619 3854 674 3893 uon
695 3842 750 3903 est;
777 3841 851 3890 recte
873 3853 939 3893 uero
962 3838 1066 3894 factum
1088 3855 1148 3894 esse
1173 3841 1292 3907 conicio,
1320 3841 1385 3910 quia

234 3933 329 3972 uocem
348 3925 480 3989 αερίνεαε
496 3921 635 3977 laudatam
651 3921 812 3976 inuenimus.
842 3922 938 3991 ltaque
955 3922 1003 3977 illa
1019 3924 1110 3993 glossa
1122 3926 1157 3980 ad
1170 3928 1275 3980 textum
1286 3925 1385 3981 scholii

233 4003 430 4059 restituendum
452 4011 514 4061 utor
537 4012 619 4076 atque
641 4006 791 4074 explendae
806 4008 922 4063 lacunae
945 4023 1029 4063 causa
1045 4009 1084 4062 ita
1108 4010 1212 4066 scribo:
1240 4015 1286 4065 καὶ
1308 4029 1384 4081 πρα-

233 4082 335 4140 clocas
350 4087 412 4142 rods
428 4092 541 4161 πρῶτον
558 4088 697 4146 πλέοντας.
