3142 4700
296 349 474 417 Quaestiones
492 350 526 403 de
543 349 708 406 scholiorum
727 350 963 420 Thucydideorum
980 352 1109 408 fontibus.
1218 353 1278 412 125

128 519 251 586 Aneod.
268 519 556 606 0xon.11.p.497.
581 527 613 588 et
634 522 786 607 Harpocr.
809 522 950 608 epitom,
977 543 1059 606 quae
1081 526 1279 593 conueniunt.

130 621 332 703 Goslingsius
353 645 383 707 p.
401 627 448 689 16.
472 623 616 690 scholion
635 623 889 709 Thucydideum,
913 620 984 691 cum
1006 627 1087 693 inter
1109 646 1144 694 se
1166 647 1278 694 conue·
1390 678 1393 682 »

31 730 32 787 l
129 722 220 789 uiant
243 724 479 805 quodammodo
502 727 734 809 Harpocration
758 733 790 794 ct
811 728 953 811 Photius‚
976 728 1116 812 Didymo
1139 729 1278 795 tribusn-

31 888 32 891 ,
130 822 207 889 dum
230 844 302 891 esse
324 825 487 892 existimat
504 828 548 893 ad
562 829 725 895 Naberum
746 826 886 911 (Proleg
902 829 945 895 ad
959 828 1052 895 Phot.
1067 851 1098 914 p.
1109 836 1182 897 tos.
1195 829 1279 914 sqq.)
1356 905 1358 908 ,

127 946 318 1011 prouocans.
363 911 429 994 sul
452 929 591 995 maxime
613 930 743 996 dubium
767 935 832 1013 est,
860 933 934 996 num
960 951 1073 998 reuera
1096 932 1227 998 Photius
1249 937 1281 999 et

31 1024 32 1043 i
128 1028 362 1124 Harpocration
376 1031 459 1097 inter
472 1051 508 1098 se
522 1032 720 1097 conueniant.
757 1033 858 1099 Immo
876 1051 928 1097 rcs
948 1033 994 1098 ita
1016 1041 1200 1118 comparata
1222 1041 1280 1118 est,

127 1137 164 1195 ut
186 1130 270 1198 duae
291 1132 419 1214 glossae
441 1134 601 1218 supersint
623 1154 664 1199 ex
685 1155 750 1199 una
771 1132 944 1200 deriuatae.
988 1136 1132 1202 Alteram
1160 1137 1281 1202 habent

126 1233 261 1299 Photius
285 1233 342 1315 (gl.
361 1233 403 1320 1.)
434 1243 466 1302 et
489 1235 606 1302 Suidas
629 1236 687 1318 (gl.
707 1237 750 1316 3.)
781 1242 814 1302 et
842 1234 986 1301 scholion
1007 1237 1108 1304 Thuc
1131 1269 1174 1290 =
1195 1262 1279 1321 κρτα

125 1333 229 1418 βόλος
245 1334 281 1399 δέ
296 1334 386 1401 ἐστιν
402 1332 491 1412 εἶδος
506 1337 696 1422 πλέγματυς
710 1337 788 1420 κτλ,
808 1339 942 1404 alteram
957 1339 1078 1405 habent
1089 1340 1279 1425 Hesychius,

125 1434 263 1503 Photius
284 1437 340 1519 (gl.
357 1439 418 1523 2.),
448 1439 565 1507 Suidas
587 1438 643 1523 (gl.
659 1437 707 1523 1.).
759 1439 935 1521 Utramque
964 1462 1040 1509 uero
1069 1443 1209 1524 glossam
1238 1464 1279 1509 ex

127 1538 244 1605 eodem
266 1539 352 1607 fonte
374 1544 549 1626 profectam
571 1561 642 1608 esse
665 1541 781 1608 docent
802 1540 946 1608 scholion
968 1544 1157 1610 Aeschini
1174 1548 1225 1610 64.
1248 1553 1280 1611 et

125 1642 283 1726 Harpoor.
299 1663 322 1709 0.
340 1663 387 1726 0.,
414 1643 471 1708 ubi
492 1649 650 1709 oratorem
672 1651 705 1710 et
726 1643 912 1710 historicum
933 1645 967 1709 in
990 1665 1053 1711 una
1074 1647 1184 1729 glossa
1206 1666 1278 1712 oon-

125 1745 252 1811 iunctos
267 1744 487 1829 conspicimus.
525 1744 673 1811 Omnium
687 1765 764 1811 uero
787 1744 899 1811 horum
922 1745 1097 1813 lexicorum
1112 1748 1279 1832 Boysenus

125 1846 285 1912 atticistas
314 1848 418 1913 fontes
445 1846 545 1914 fuisse
575 1846 746 1913 contendit.
795 1847 909 1928 Itaque
939 1854 1106 1932 utramque
1138 1851 1280 1932 glossam

124 1948 252 2014 duobus
274 1947 341 2014 illis
361 1947 438 2014 uiris
461 1949 563 2015 doctis
587 1949 780 2034 tribuemus,
809 1969 942 2032 quorum
970 1949 998 2015 si
1020 1951 1203 2036 Boysenum
1230 1973 1278 2021 se-

125 2070 270 2135 quemur,
292 2070 356 2116 non
371 2051 556 2135 Didymum,
579 2052 637 2117 0οᾱ
658 2051 863 2136 Pamphilum
884 2058 1047 2119 auctorem
1067 2051 1167 2120 fuisse
1188 2061 1279 2138 puta-

31 2188 32 2213 t
124 2153 249 2233 bimus;
273 2151 312 2218 cf.
335 2156 471 2219 stemma
491 2153 525 2218 in
547 2157 611 2220 not.
635 2152 677 2219 ad
699 2175 731 2238 p.
748 2157 799 2220 80.
821 2153 1027 2238 adscriptum.

217 2255 297 2320 Cum
319 2253 380 2319 hac
402 2255 588 2338 quaestione
609 2256 744 2323 alteram
767 2255 957 2339 coniungere
978 2256 1074 2322 liceat
1096 2257 1136 2322 de
1158 2256 1280 2323 scholio

120 2358 185 2424 illo
204 2357 303 2422 Thuc.
319 2357 343 2420 Ι.
357 2361 396 2440 6.,
422 2357 477 2438 qui
499 2358 587 2424 locus
609 2358 747 2442 pertinet
768 2358 812 2423 ad
833 2362 1159 2443 τεττιγαφαρίαν
1182 2359 1279 2426 Athe-

31 2517 32 2546 ,
120 2459 302 2526 niensium:
325 2454 467 2543 ἐφόρουν
483 2456 519 2522 δὲ
533 2461 684 2542 τέττιγας
702 2455 811 2523 διὰτὸ
827 2460 979 2540 μουσικοὶ
1004 2459 1065 2538 (ita
1079 2459 1280 2542 Goslingsius

31 2569 32 2636 3
119 2582 159 2646 p.
177 2564 236 2640 16,
257 2556 350 2624 codd.
365 2555 538 2640 μουσικὸν)
559 2548 580 2645 ἢ
605 2556 661 2623 διὰ
682 2557 719 2624 τὸ
745 2552 947 2641 αὐτόχθονες
969 2555 1065 2624 εἶναι.
1086 2562 1148 2624 -καὶ
1164 2558 1278 2646 γὰρτὸ

31 2685 32 2708 ι
121 2662 214 2742 ζιῦαν
235 2662 375 2746 γηγενές.
413 2657 539 2724 Similia
552 2660 686 2727 Photius
706 2662 852 2728 exhibet:
873 2660 1106 2748 τεττιγοφόρυι
1128 2662 1161 2727 αἱ
1176 2656 1282 2750 Ἀθη-

120 2774 230 2829 ναῖοι.
263 2764 413 2845 τέττιγας
434 2757 497 2846 γὰρ
520 2756 662 2847 ἐφόρουν
680 2765 837 2848 χρυσοῦς,
868 2761 1033 2845 σύμβαλον
1055 2766 1114 2828 τοῦ
1137 2778 1282 2851 γηγενεῖς

122 2860 227 2930 εἶναι.
267 2861 471 2949 Θουκυδίδης
493 2858 527 2926 ἐν
550 2860 592 2926 α’.
629 2864 683 2927 καὶ
703 2867 834 2951 χρυσῶν
858 2868 1016 2950 τεττίγων
1044 2862 1170 2951 ἓνέρσει
1196 2891 1282 2953 κραι-

122 2963 230 3052 βόλον
254 2956 472 3048 ἀναδυόμενοι
496 2967 562 3030 τῶν
585 2962 619 3031 ἒν
647 2968 775 3054 κεφαλῇ
802 2969 933 3053 τριχῶν.
976 2967 1047 3046 Qua
1075 2988 1145 3033 oum
1173 2970 1283 3053 glossa

31 3109 32 3142 1
123 3068 280 3159 conuenit
300 3067 487 3147 Eustathius
509 3089 539 3152 p.
558 3070 629 3152 395,
644 3073 694 3135 36.
739 3068 834 3154 Apud
858 3067 989 3134 Suidam
1019 3068 1098 3135 haec
1127 3070 1283 3138 habemus

123 3168 256 3237 addita:
285 3157 381 3256 ἢότι
402 3174 566 3251 μουσικοί.
603 3169 762 3252 μουσικὸς
789 3168 851 3258 γὰρ
877 3166 895 3235 ό
918 3168 1036 3246 τέττιξ.
1072 3185 1218 3257 γηγενεῖς
1247 3171 1282 3236 δὲ

31 3277 32 3292 ’
125 3267 220 3337 διότι
249 3262 458 3356 ὁἜρεχθεός
479 3265 497 3335 ό
522 3269 669 3360 οἰκιστὴς
695 3275 762 3336 τῶν
787 3266 950 3360 Ἀθηνῶν·
967 3264 1035 3337 ἀπὸ
1065 3274 1124 3357 γῆς
1152 3269 1282 3361 ἐτέχθη,

126 3393 216 3457 quae
238 3394 256 3439 0
280 3372 436 3440 00000οἰ
457 3373 545 3438 fonte
568 3373 714 3440 deriuata
740 3373 890 3440 uidentur
918 3393 1004 3456 0000,
1035 3372 1112 3454 quia
1138 3374 1282 3443 scholion

125 3476 158 3542 si
182 3496 245 3541 non
267 3474 390 3557 uerbis,
420 3494 455 3540 re
475 3479 582 3541 tamen
604 3477 677 3560 ipsa
702 3496 773 3541 000
795 3476 911 3542 Photio
933 3480 965 3540 et
987 3473 1088 3539 Suida
1117 3480 1281 3544 consentit.

126 3576 303 3642 Simillima
331 3575 510 3642 inuenimus
535 3576 638 3643 relata
659 3578 692 3643 in
713 3576 928 3663 Etymologioi
949 3576 1057 3659 Magni
1079 3576 1188 3644 codice
1210 3581 1282 3647 Lei·

31 3739 32 3754 .
126 3678 234 3761 densi,
263 3679 302 3745 ci.
320 3672 484 3744 Gaisford.
508 3676 551 3741 ad
575 3678 679 3763 lltym.
695 3679 779 3761 Mag.
795 3700 827 3763 p.
843 3684 914 3761 755,
928 3683 956 3741 4.
995 3678 1165 3748 Attioistae
1184 3681 1283 3766 igitur

126 3782 194 3847 hac
209 3780 250 3845 de
265 3800 301 3846 re
314 3778 462 3845 uidentur
477 3777 665 3864 disputasse.
703 3779 769 3846 Sed
784 3800 857 3846 oum
874 3780 930 3847 ille
944 3779 1185 3847 Atheniensium
1206 3802 1282 3850 usus

31 3939 32 3956 .
127 3880 321 3966 saepissime
334 3881 421 3965 apud
436 3880 605 3965 scriptores
619 3889 892 3972 commemoretur,
915 3881 1047 3947 dubium
1069 3888 1127 3963 est,
1148 3883 1217 3951 iure
1238 3886 1282 3951 ad

126 3983 260 4050 Aelium
274 3982 465 4066 Dionysium
482 3988 514 4049 et
528 3984 720 4051 Pausaniam
736 3983 798 4050 hoo
814 3984 957 4050 scholion
975 3982 1150 4049 referamus
1171 4005 1281 4053 necne.

31 4071 32 4074 ¹
127 4084 314 4168 Hesychius
336 4083 465 4168 quidem
487 4104 559 4150 cum
580 4084 695 4151 Photio
718 4086 855 4182 concinit
876 4093 908 4153 et
929 4083 1048 4151 similia
1075 4086 1220 4155 inuenies
1247 4089 1281 4154 in
