3142 4700
272 364 276 373 .
351 317 527 384 Quaestiones
545 315 578 369 de
596 315 761 370 scholiorum
778 313 1014 383 Thucydideorum
1031 284 1172 373 fontibus.v
1296 319 1335 377 79

226 556 342 639 CAPUT
365 557 418 621 Ill.
462 554 516 618 Dc
538 557 652 645 ceteris
673 556 704 617 in
730 555 922 639 Thucydidis
943 556 1041 619 libros
1063 560 1301 620 commentariis.

275 692 324 757 De
353 690 466 759 ceteris
495 691 651 776 fontibus,
681 690 838 773 equibus
865 691 988 758 scholia
1010 691 1153 776 profecta
1174 698 1263 778 sunt,
1292 693 1338 758 ita

191 793 268 859 mihi
290 793 450 879 agendum
474 793 616 879 uidetur,
644 797 679 858 ut
706 794 812 878 priore
838 792 909 859 loco
939 794 1093 860 disseram
1117 793 1158 860 de
1181 815 1337 861 commen·

189 895 363 962 tationibus
393 901 425 963 et
453 882 566 963 ceteris
588 894 728 980 scriptis,
757 914 840 979 quae
862 895 905 961 ad
927 896 1149 980 Thucydidem
1171 897 1337 981 pertinent,

112 986 114 991 ’
190 990 305 1082 atque,
320 997 397 1081 quid
419 997 552 1078 singulis
567 997 706 1064 adscribi
721 997 832 1082 possit,
856 1019 1024 1084 exponam,
1047 1001 1147 1065 altero
1163 1000 1233 1065 loco
1248 1018 1337 1065 acce·
1428 1025 1431 1030 ·

189 1096 263 1163 dam
294 1099 337 1163 ad
366 1099 485 1182 lexioa,
515 1098 671 1179 equibus
699 1099 929 1187 explicationes
951 1100 1146 1181 singulorum
1169 1100 1338 1167 uerborum

190 1205 222 1264 et
244 1220 349 1266 nerum
371 1201 547 1285 fluxerunt,
569 1206 602 1265 et
624 1199 819 1282 describam,
847 1222 984 1283 quonam
1007 1203 1102 1268 modo
1125 1204 1181 1268 alii
1203 1223 1244 1268 ex
1266 1204 1339 1268 aliis

190 1321 249 1367 sna
271 1303 513 1387 compilaucn'nt
536 1302 717 1385 etsingula
739 1303 928 1387 saepissime
950 1304 1217 1370 conturbauerint.

274 1406 380 1485 Atque
402 1405 505 1490 primo
528 1406 598 1470 loco
621 1404 713 1470 nobis
734 1402 893 1485 agendum
916 1410 965 1471 est
986 1405 1027 1472 de
1051 1405 1221 1490 Didymo
1244 1408 1338 1474 Ohal-

190 1514 345 1589 centero,.
364 1507 416 1573 ad*
436 1526 530 1590 quem
554 1506 655 1570 Ritter
677 1506 813 1589 primam
835 1507 921 1571 uitae
943 1506 1121 1572 Marcellini
1142 1516 1266 1593 partem
1289 1529 1336 1574 re-

189 1608 272 1674 ferre
294 1609 403 1674 uoluit
449 1608 490 1671 ut
512 1607 657 1681 attulisse
682 1607 855 1690 Didymum
880 1608 1048 1692 nonnulla,
1071 1629 1153 1690 quae
1175 1609 1217 1676 ad
1239 1611 1338 1676 uitam

190 1708 389 1794 Thucydidis
411 1697 617 1794 pertinerent,
640 1710 681 1774 ab
703 1709 936 1791 antiquioribus
963 1711 1144 1777 auctoribus
1166 1711 1269 1794 petita
1290 1720 1337 1777 at-

191 1829 253 1890 que
274 1812 409 1876 fortasse
430 1813 528 1878 ctiam
543 1812 642 1876 uitam
658 1811 884 1893 conscripsisse
900 1831 918 1876 e
933 1812 1128 1895 fragmentis,
1152 1832 1235 1895 qnae
1249 1814 1336 1879 Mau-

189 1911 280 1976 ritius
295 1911 490 1978 Schmidtius
506 1912 649 1996 (Didym.
661 1933 692 1997 p.
707 1911 902 1996 snt—334.)
918 1914 1056 1998 collegit,
1072 1920 1214 1999 apparet.
1247 1914 1348 1981 Gom--

190 2013 336 2079 menterii
347 2033 423 2080 uero
434 2013 467 2079 in
480 2012 679 2098 Thucydidis
694 2013 861 2080 historiam
872 2016 1038 2099 compositi
1050 2018 1171 2083 nullum
1183 2019 1340 2101 reperitur

189 2122 308 2182 certum
331 2115 510 2199 uestigium.
554 2116 637 2182 Nam
661 2113 745 2197 qnod
767 2117 955 2183 Ammonius
976 2120 1021 2202 (p.
1041 2122 1110 2183 131.
1134 2118 1338 2202 Valckenll)

191 2230 372 2301 συμμαχεῖν
386 2218 442 2281 καὶ
458 2213 632 2300 ἐπιμαχεῑν
650 2216 814 2304 διαφέρει.
838 2231 1020 2300 συμμαχεῖν
1041 2219 1102 2302 μὲν
1123 2218 1185 2307 γὰρ
1209 2222 1339 2307 λέγουσι

190 2317 228 2385 τὸ
253 2317 312 2385 σὺν
334 2317 481 2400 ἑαυτοῖς,
505 2320 589 2407 φησὶ
609 2318 774 2403 Δίδυμος,
799 2312 862 2384 ε’ίτ)
890 2313 983 2386 αὐτοὶ
1008 2319 1136 2388 ἐπίοιεν
1158 2324 1340 2407 πολεμίους

193 2416 263 2487 εἴθ’
289 2421 396 2509 ἕτεροι
419 2420 703 2509 ἐπιστρατεύοιεν,
727 2420 902 2504 ἐπιμαχεῖν
925 2422 961 2487 δὲ
983 2416 1063 2488 ὅταν
1084 2422 1162 2500 τοὺς
1183 2422 1341 2502 ἐπιόντας

192 2517 383 2607 ἀμύνωνται
404 2522 506 2606 μόνον
529 2522 700 2589 διέσταλκε
717 2522 920 2609 Θουκυδίδης
943 2522 976 2589 ἐν
998 2528 1039 2611 τῇ
1054 2525 1084 2590 α’
1101 2527 1219 2612 λέγων’
1253 2534 1339 2616 Κερ-

191 2632 340 2713 κυραίοις
354 2620 556 2712 Ἀθηναίους
572 2629 759 2708 συμμαχίαν
773 2624 834 2707 μὲν
856 2619 895 2690 οὐ
910 2625 1136 2713 ποιήσασθαι,
1159 2627 1341 2713 ἐπιμαχίαν

108 2764 115 2775 -
194 2726 244 2808 δέ,
269 2749 339 2794 cum
362 2728 483 2794 scholio
499 2730 524 2809 l,
544 2734 593 2793 44.
617 2727 744 2794 omnino
766 2727 923 2811 conuenit,
944 2729 1019 2796 inde
1034 2732 1293 2797 commentarium
1307 2735 1341 2798 in

194 2829 417 2915 Thucydidem
441 2830 667 2913 conscripsisse
690 2828 865 2913 Didymum
887 2851 949 2896 non
973 2830 1123 2916 efficitur,
1147 2833 1264 2918 quippe
1286 2834 1340 2918 qui

56 2931 65 2940 ’
192 2933 225 2997 in
247 2932 359 2998 lexicis
383 2951 509 3014 qnoque
532 2930 573 2996 de
594 2932 656 2998 hac
669 2952 703 2997 re
719 2931 876 2999 disserere
895 2934 1042 3017 potuerit.
1079 2933 1169 3012 Quae
1184 2938 1342 3002 sententia

100 3022 108 3038 '
194 3052 231 3100 eo
252 3033 412 3116 firmatur,
442 3034 527 3116 quod
556 3035 589 3099 in
619 3033 723 3101 lexico
746 3034 866 3100 comico
896 3054 968 3099 eum
998 3035 1038 3099 de
1060 3036 1219 3103 Aeschine
1244 3059 1340 3123 expo·

193 3136 296 3201 suisse
317 3141 426 3202 notum
449 3142 497 3202 est
519 3137 557 3202 of.
581 3137 735 3220 Harpocr.
757 3156 782 3201 s.
805 3157 835 3201 n.
860 3134 1083 3224 ξηραλοιφεῖν.
1127 3138 1226 3205 Multo
1248 3143 1341 3224 plura

194 3236 316 3302 scholia
345 3255 364 3301 e
385 3237 517 3320 Didymi
547 3238 615 3303 siue
644 3238 869 3304 commentario
898 3240 967 3304 sine
989 3239 1092 3303 lexico
1114 3238 1246 3306 fluxisse
1267 3259 1340 3305 con·

194 3337 297 3404 tendit
319 3339 523 3420 Goslingsius
544 3359 574 3421 p.
594 3344 642 3403 11.
657 3356 743 3421 sqq,
774 3339 828 3419 qni
860 3359 897 3404 eo
927 3340 1126 3422 potissimum
1154 3347 1340 3421 argumento

194 3439 319 3526 nititur,
341 3447 376 3506 ut
397 3441 560 3506 Nabernm
583 3446 711 3505 secutus
734 3440 857 3504 scholia
872 3438 1012 3523 Didymo
1035 3433 1247 3506 adscribenda
1269 3461 1340 3508 esse

193 3534 302 3624 putet,
332 3542 360 3607 si
381 3542 562 3627 Hesychius
590 3562 662 3608 cum
683 3540 814 3625 Photio,
844 3538 961 3622 Suida,
989 3540 1156 3608 Eustathio
1184 3543 1257 3627 plus
1283 3546 1339 3611 mi·

194 3661 295 3707 nnsue
323 3645 509 3710 consentiat.
533 3637 734 3710 'Secundum
757 3642 898 3710 Batauos
925 3642 1022 3727 igitur
1048 3648 1080 3708 et
1102 3644 1283 3730 Hesychius
1310 3652 1341 3712 et

194 3741 327 3807 Photius
350 3746 385 3826 (i.
401 3763 428 3810 e.
451 3744 622 3828 attioistae)
638 3766 656 3811 e
671 3744 864 3825 Diogeniani
886 3746 983 3828 libro,
1005 3745 1061 3827 qui
1081 3745 1251 3829 inscriptus
1273 3753 1341 3813 erat
1423 3834 1425 3837 Α

194 3848 499 3933 περιερχοπένητες,
521 3846 705 3944 hauserunt.
748 3846 818 3914 Hoc
839 3847 867 3914 si
887 3867 998 3914 nerum
1016 3853 1115 3931 esset,
1138 3847 1341 3932 Pamphilum

282 4070 309 4133 ll
325 4067 359 4123 cl.
378 4065 495 4135 Hesych.
513 4082 536 4121 s.
553 4082 593 4131 u,
612 4064 706 4121 Thom.
724 4065 795 4134 Mag.
814 4083 841 4135 p.
855 4071 911 4121 164.
929 4064 971 4120 cd.
989 4065 1102 4120 Bitschl
