3142 4700
247 257 288 315 ss
682 254 963 331 manassae-ue

247 449 377 497 numero
394 427 479 512 apud
494 426 625 494 Suidam
649 424 746 493 οδιια
768 426 827 493 hos
845 426 1040 495 inuenimus:
1064 424 1112 503 εἰς
1133 423 1170 491 τὸ
1190 426 1394 509 Θουκυδίδου

247 534 442 615 προοίμιον,
478 525 564 616 πρὸς
592 520 799 617 Ἀριστείδην
829 526 865 609 ζ,
901 529 983 595 unde
1015 529 1109 595 facilc
1137 529 1334 615 intellegitur
1365 539 1397 597 et

248 631 471 716 Thucydidem
486 638 520 697 et
534 628 707 697 Aristidem
724 629 895 714 diligenter
910 651 930 694 a
945 629 1121 715 Porphyrio
1140 630 1395 704 lectitatos-csse.

144 728 151 739 '
247 733 401 813 Quamuis
433 733 563 799 dubium
594 732 652 817 sit,
685 730 762 814 qnid
794 738 915 817 septem
945 728 1031 818 πρὸς
1060 723 1266 820 Ἀριστείδην
1294 734 1396 800 libelli
1459 793 1463 803 ,

248 836 474 918 continuerint,
496 835 530 901 id
553 840 673 901 certum
695 833 836 916 uidetur,
859 833 996 918 priorem
1019 833 1162 900 libellum
1187 832 1234 910 οἷς
1252 832 1289 900 τὸ
1309 839 1395 901 Θου-

247 936 381 1003 κυδίδου
411 942 592 1023 προοίμιον
621 935 702 1002 nihil
731 933 820 1003 alind
854 935 968 1015 luisse,
1002 955 1097 1017 quam
1126 938 1394 1021 commentarium,

248 1039 336 1109 cuius
357 1039 513 1122 reliquiae
535 1038 670 1106 fortasm
693 1037 791 1104 etiam
811 1057 895 1103 nunc
909 1037 941 1102 in
964 1036 1093 1104 scholiis
1108 1037 1325 1122 Thucydideis
1341 1059 1394 1105 ex·

248 1146 342 1208 stant.
387 1140 467 1209 Cum
495 1160 571 1209 uero
600 1140 642 1207 ad
663 1138 763 1207 'Phua
780 1138 804 1205 l.
821 1142 850 1203 2.
879 1138 1057 1205 habeamus
1086 1138 1246 1222 scholion,
1274 1140 1307 1205 in
1333 1162 1395 1224 quo

248 1243 338 1309 locus
366 1241 495 1325 quidam
517 1240 669 1309 Aristidis
698 1238 807 1325 (quem
836 1239 994 1307 neminem
1022 1240 1120 1306 alium
1142 1242 1241 1308 luisse
1270 1262 1395 1325 censeo,

250 1363 346 1426 quam
369 1344 529 1411 rhetorem
552 1342 765 1427 notissimum)
790 1341 953 1427 laudatur,
976 1362 1014 1409 ea
1036 1341 1174 1426 suspicio
1189 1363 1396 1428 non-prorsus

248 1444 471 1529 improbabilis
493 1445 572 1511 mihi
594 1444 734 1528 uidetur,
757 1443 933 1529 Porphyrio
955 1444 1039 1511 hunc
1060 1451 1159 1511 totum
1175 1443 1280 1512 locum
1293 1444 1316 1528 ¹)
1340 1446 1395 1511 ad-

248 1545 450 1614 scribendum
480 1565 568 1630 esse,
596 1545 784 1632 praesertim
814 1566 883 1612 cum
912 1566 1042 1630 perraro
1070 1545 1142 1630 fiat,
1172 1553 1206 1612 ut
1228 1548 1397 1632 scriptores

248 1648 433 1734 posterioris
456 1648 570 1719 aeuus
584 1668 606 1715 a
620 1646 801 1715 scholiastis
825 1653 856 1713 ct
877 1646 1113 1732 lexicographis
1135 1653 1233 1715 testes
1252 1649 1396 1734 citentur,

250 1751 324 1833 quia
350 1770 481 1834 semper
508 1752 574 1817 fere
601 1748 745 1817 nodtiam
776 1756 933 1815 ueterum
948 1758 1111 1816 auctorum
1140 1770 1218 1836 prae
1248 1770 1283 1817 se
1314 1737 1397 1819 ferre

249 1852 389 1934 malunt,
410 1851 472 1918 nisi
493 1853 555 1936 ipsi
570 1851 759 1944 posteriores
775 1859 935 1936 auctores,
958 1858 993 1917 ut
1008 1849 1125 1918 Suidas
1141 1853 1225 1936 fecit,
1248 1861 1394 1921 accurate

249 1958 473 2020 tractauerunt.
1022 1942 1023 1947 ’
1456 1993 1461 1999 -

335 2055 463 2138 Restat,
492 2059 528 2122 ut
556 2071 689 2136 agamus
719 2053 760 2121 de
781 2053 957 2139 Aspasio
980 2055 1143 2140 Byblio‚
1173 2075 1267 2138 quem
1290 2058 1395 2124 Dobe-
1456 2106 1459 2111 «

249 2156 387 2224 rentnius
419 2177 451 2239 p.
476 2160 524 2222 13.
558 2156 819 2222 commentarium
851 2157 884 2221 in
916 2155 1139 2240 Thucydidem
1173 2159 1396 2243 conscripsisse
1529 2144 1531 2160 '

251 2257 423 2325 contendit.
466 2256 622 2341 Aspasius
650 2257 733 2323 enim
764 2256 813 2338 (ut
835 2258 1030 2343 SchultuiuS,
1058 2259 1192 2325 Jahrbb.
1220 2256 1271 2326 fur
1296 2261 1394 2326 klass.

251 2360 430 2447 Philologie
452 2359 515 2427 uol.
532 2362 581 2426 93.
597 2362 711 2444 pthl.
739 2352 983 2442 demonstrauit)
1006 2364 1264 2429 commentarium
1285 2363 1318 2427 in
1333 2365 1395 2429 Ae-

251 2461 370 2528 schinis
386 2462 546 2529 orationes
561 2461 712 2543 coniecit,
734 2461 958 2546 Thucydidem
979 2470 1087 2529 autem
1109 2466 1237 2549 saepius
1249 2464 1291 2544 ,in
1305 2464 1395 2531 scho-

250 2562 302 2630 liis
330 2561 518 2631 Aeschineis
545 2562 671 2629 laudari
699 2563 778 2630 satis
807 2570 915 2632 notum
946 2570 1004 2631 est.
1049 2565 1189 2644 Quorum
1218 2587 1237 2632 e
1265 2585 1396 2632 numero

250 2661 314 2730 duo
337 2670 515 2748 congruunt
541 2684 611 2731 cum
633 2663 866 2751 Thucydidcis,
895 2665 995 2734 schol.
1018 2667 1116 2734 Thuc.
1132 2669 1158 2735 1.
1177 2672 1205 2734 6.
1235 2675 1268 2734 et
1295 2668 1395 2735 schol.

338 2902 362 2964 1)
383 2893 426 2951 ‘Es
445 2892 561 2965 Ἰωνίαν]
586 2897 772 2968 προληπτικόν
795 2904 855 2953 ἐστι
878 2903 979 2969 σχῆμα·
1005 2896 1075 2955 ὅταν
1099 2902 1131 2955 τὸ
1154 2902 1262 2972 συμβὰν
1282 2897 1397 2971 ὕστερον

250 2979 435 3058 προλαβόντες
452 2980 615 3051 καλέσωμεν.
633 2977 649 3037 δ’
665 2980 717 3056 γὰρ
735 2983 834 3053 ξυνέβη
850 2984 919 3054 μετὰ
937 2985 988 3053 τὴν
1005 2988 1110 3056 οἴκησιν
1124 2990 1184 3042 τῶν
1194 2984 1304 3062 ἀνδρῶν
1317 2987 1395 3060 (λέγω

251 3066 281 3123 dl
301 3067 333 3123 τὸ
357 3067 494 3134 κληθῆναι
509 3063 641 3133 Ἰωνίαν),
665 3069 747 3121 τοῦτο
771 3064 859 3137 αὐτὴν
882 3070 1088 3144 προςηγόρευσε,
1112 3076 1180 3147 πρὶν
1201 3074 1396 3142 ἐκπεμφθῆναι

249 3152 311 3209 τοὺς
333 3149 446 3256 ἄνδρας,
469 3147 613 3222 προδιδουι
636 3157 681 3205 καὶ
705 3153 934 3227 προχαριζόμενοτ
958 3155 1010 3222 τὴν
1033 3164 1212 3231 προσηγορίαν
1235 3157 1340 3225 ταύτην
1361 3159 1396 3230 τῇ

249 3236 344 3310 χώρη
362 3234 393 3291 οὗ
410 3236 462 3310 γὰρ
479 3232 559 3336 οὔσηξ
576 3233 631 3308 πρὸ
648 3233 746 3291 τούτου
763 3240 810 3306 τῆς
826 3236 942 3307 Ἰωνίας,
965 3239 1130 3296 ἀπέστειλαν
1146 3248 1231 3296 ἐκεῖσε
1248 3242 1298 3296 τὸν
1316 3241 1397 3308 ὄχλον

250 3319 443 3390 σι’Ἅθηναιοι,
461 3316 510 3391 ἐφ’
530 3342 553 3388 φ
571 3327 674 3376 κτίσειν
691 3345 737 3376 και
754 3324 860 3390 οιίιῆσαι
877 3324 929 3392 τὴν
945 3328 1004 3398 γῆν.
1023 3331 1068 3378 καὶ
1082 3348 1108 3380 οι
1102 3326 1301 3398 πεμφθεντες
1312 3331 1397 3380 ἔκεισο

250 3408 422 3474 κατοικῆσαι,
440 3425 513 3460 ουτοι
530 3404 724 3460 καλεῖσθαι
694 3429 746 3476 την
762 3430 857 3479 χωραν
874 3410 1088 3480 παρεσκεύασαν.
1116 3433 1197 3466 τουτο
1220 3410 1251 3465 δὲ
1267 3434 1312 3466 και
1304 3409 1411 3512 Ἀρι..

250 3489 356 3559 meldas
379 3493 410 3544 λν
433 3490 474 3557 τῷ
498 3491 708 3562 Παναθηναϊκῷ
732 3494 777 3557 (cf
802 3496 855 3551 uol
868 3495 889 3549 I.
907 3513 934 3565 p.
947 3502 1001 3550 157.
1026 3496 1119 3561 Dind.)
1143 3500 1271 3562 ἐποιησεν
1294 3494 1396 3552 εἰπών·

252 3574 448 3676 ,λυσαμὲνη
419 3596 470 3642 την
487 3573 580 3676 ζώνην
597 3580 628 3630 ἐι
622 3579 765 3651 ζωστῆρι
782 3580 830 3645 τῆς
818 3576 990 3650 eldaveaips‘g
1011 3601 1026 3632 ο
1018 3577 1109 3634 ‘133
1092 3600 1155 3635 τους
1171 3601 1261 3636 curce·
1285 3582 1396 3636 πολλῶν

249 3658 465 3733 καταφυγόντων
487 3663 513 3714 ds
533 3660 586 3728 τὴν
605 3656 729 3730 Ἀττικὴν
723 3659 845 3714 διὰ
816 3684 848 3716 ro
865 3684 939 3735 ασφα
923 3663 982 3720 ata
1005 3666 1125 3719 εἶναι
1097 3689 1129 3720 το
1146 3675 1249 3766 χοιρίον
1265 3669 1396 3721 τοσοῦτον

250 3748 356 3816 δγινστο
380 3743 500 3812 πλῆθος,
525 3763 592 3800 mers
614 3748 661 3813 τῆι
674 3744 795 3815 Ἀττικῆς
817 3754 1066 3848 στινοχωρουμὲνης
1088 3749 1284 3821 anaphoricus
1305 3751 1360 3804 {aa
1362 3752 1397 3817 ἧς

250 3833 361 3901 τρέφειν
376 3827 426 3883 τὸν
443 3827 573 3897 ὄχλσνᾙ
558 3829 660 3902 αιάγιιη
677 3835 770 3904 γέγονε
790 3839 899 3934 μερίσαι
917 3833 950 3889 τὸ
967 3834 1074 3902 πληθσς
1091 3842 1136 3890 καὶ
1153 3839 1190 3891 εἰς
1206 3834 1336 3891 ἅποικιαν
1352 3839 1396 3887 ἐκ·

250 3917 382 3980 πέμπειν
407 3931 485 3968 occos
501 3912 532 3969 δι
548 3912 739 3987 προληπτικῶς
754 3917 919 3990 χρησάμενος
936 3921 1024 3975 εἶπεν
1048 3922 1083 3973 εἰς
1099 3918 1174 3975 Ion
1155 3944 1218 3976 ταν
1224 3918 1395 3992 ἀπέπεμψεν.

249 3995 395 4054 Praeterea
407 3999 540 4057 Aristides
557 4000 711 4058 laudatur
701 4019 729 4057 m
746 4003 831 4061 schol.
850 4005 936 4061 Thuc.
946 4006 968 4060 1
980 4013 1036 4061 101.
