3142 4700
224 306 265 365 76
325 382 327 395 Ι
659 307 795 363 Ernestus
813 307 943 364 Schwabe
1065 391 1068 399 Ι

224 489 362 550 exeunte
383 483 511 550 saeculo
541 487 653 563 quarto
683 485 716 547 et
737 479 839 562 quinti
867 480 955 547 initio
983 479 1151 566 scripsisse
1176 483 1310 546 constat.
1332 483 1371 545 cf.

224 586 326 651 Walz.
349 583 453 651 Rhett
476 583 590 651 Graec.
606 582 691 650 VIII.
712 603 744 667 p.
759 586 832 649 487.
847 602 917 668 sqq.

309 687 463 766 Quartum
477 683 676 770 Thucydidis
697 685 901 770 interpretem
923 686 1129 771 cognocimus
1148 706 1167 753 e
1187 686 1297 753 codice
1311 687 1371 751 Pa

223 789 323 856 latino
335 789 372 872 Ε,
384 787 504 855 saeculi
514 786 683 868 undecimi,
698 787 737 853 ef.
749 786 972 856 Wattenbach.
983 789 1150 872 Palaeogr.
1165 808 1196 872 p.
1210 792 1259 854 34.
1274 793 1306 852 et
1321 791 1371 855 42.

223 892 383 972 Pleraque
405 890 491 957 enim
512 889 599 956 illius
620 888 740 955 codIeis
765 889 889 955 scholia
916 896 990 957 sunt
1012 891 1204 973 Tnetzea,
1234 908 1317 972 quae
1339 890 1372 955 in

224 993 337 1060 ceteris
366 991 457 1059 libris
485 997 611 1077 praeter
640 990 859 1057 Basileensem
889 1012 952 1059 non
980 991 1197 1076 inueniuntur,
1226 992 1372 1059 uersibus

223 1094 361 1180 politicis
384 1088 436 1175 (ιδ
453 1085 670 1179 Εὐριπίδειον
692 1092 761 1177 ipse
780 1098 876 1160 uocat
889 1095 930 1160 Π.
949 1092 1032 1179 102.)
1055 1093 1235 1178 conscripta
1256 1099 1288 1160 et
1301 1113 1371 1178 per-

224 1195 331 1264 multis
359 1195 438 1262 locis
467 1194 581 1262 mirum
609 1200 763 1279 quantum
793 1202 948 1281 corrupta.
992 1195 1118 1281 Codex,
1149 1215 1211 1277 quo
1241 1197 1372 1263 Tuetues

223 1317 301 1366 usus
324 1304 387 1383 est,
409 1296 555 1363 diuersus
577 1303 646 1364 erat
668 1316 688 1361 a
708 1296 856 1363 Palatino
879 1306 912 1364 et
933 1317 1031 1383 saepe
1052 1298 1092 1364 iis
1116 1298 1304 1383 corruptelis
1325 1298 1371 1363 in·

224 1399 388 1483 quinctus,
411 1418 493 1481 quae
515 1399 559 1465 ad
580 1398 718 1465 itacismi
740 1403 886 1482 tempora
908 1406 940 1487 et
961 1399 1144 1485 posterioris
1166 1400 1283 1466 aetatis
1299 1419 1371 1465 con-

223 1500 409 1569 suetudines
441 1501 628 1568 referendae
659 1498 838 1566 uideantur.
881 1499 990 1567 Habet
1022 1501 1107 1569 enim
1139 1522 1197 1586 pro
1225 1499 1372 1567 Κνιδίων

100 1653 103 1660 .
223 1621 390 1688 perperam
405 1601 576 1668 Koudetos
590 1601 646 1684 III,
663 1590 724 1685 θέλ,
745 1602 866 1668 formas
888 1623 951 1669 non
971 1603 1100 1687 atticas,
1124 1604 1236 1686 quales
1257 1604 1291 1669 in
1312 1604 1372 1670 Pa·

223 1706 324 1772 latino
346 1705 551 1789 exhibentur,
573 1704 632 1771 sed
655 1703 830 1770 communis
856 1703 1000 1787 dialecti,
1032 1710 1065 1771 ut
1086 1704 1228 1770 κλείσειν
1250 1705 1305 1787 IV,
1324 1710 1372 1772 18.

223 1815 295 1875 cett.
339 1807 508 1875 Nonnullis
538 1807 617 1873 locis
638 1807 773 1891 turpiter
795 1814 880 1873 errat
908 1806 946 1873 ci.
969 1805 1125 1890 v1,ror.:
1164 1799 1299 1894 Ἶώνιον]
1328 1827 1371 1874 sc.

223 1905 357 1974 κόλπον.

422 2002 546 2076 Ἰώνιον
568 2009 627 2093 μὲν
651 2001 792 2088 ἆττικῶς
811 2015 895 2097 μέγα
917 2008 1035 2097 γράφε,

429 2106 537 2189 ἄλλως
559 2110 595 2177 δὲ
616 2109 733 2199 μικρὸν
756 2105 814 2194 οὐχ
837 2108 1039 2200 ἆμαρτήσεις
1060 2109 1208 2198 γράφων.

310 2217 397 2297 Quos
421 2216 594 2282 uersiculos
608 2215 720 2298 Poppo
740 2215 790 2280 ed.
812 2215 887 2282 mai.
902 2215 943 2280 II.
958 2215 1021 2281 uol.
1041 2220 1067 2278 l.
1084 2235 1114 2298 p.
1130 2217 1179 2280 69.
1201 2215 1264 2300 ipsi
1287 2215 1370 2283 codi-

225 2321 271 2389 cis
292 2318 423 2388 hbrario
445 2310 606 2403 attribuit,
628 2315 717 2383 cuius
738 2315 786 2384 rei
808 2317 898 2384 nulla
915 2316 1022 2385 attuht
1036 2322 1232 2399 argumenta.
1270 2319 1371 2387 Immo

224 2445 288 2490 non
309 2442 381 2490 esse
403 2420 482 2487 mihi
503 2419 643 2502 uidetur,
667 2439 721 2485 cur
742 2419 824 2486 haec
837 2418 960 2486 scholia
974 2419 1125 2504 Tnetuae,
1148 2419 1251 2501 quise
1267 2421 1372 2505 ipsum

225 2535 290 2592 tam
313 2545 411 2609 saepe
432 2522 590 2605 nominat,
613 2521 807 2605 adimamus,
830 2521 1017 2607 praesertim
1036 2542 1108 2588 cum
1128 2521 1251 2589 scholia
1265 2525 1373 2594 omnia

225 2626 307 2694 adeo
341 2632 489 2709 corrupta
517 2623 595 2706 sint,
628 2630 664 2688 ut
691 2643 733 2690 ex
766 2623 831 2689 alio
860 2624 1036 2708 exemplari
1066 2643 1137 2690 esse
1165 2625 1372 2711 transscripta

224 2729 401 2796 uideantur.
447 2723 578 2793 Scholia
599 2726 738 2791 Tzetzea
764 2723 1058 2811 adexplioandum
1084 2734 1116 2793 et
1138 2726 1372 2794 emendandum

224 2828 447 2915 Thucydidem
465 2848 627 2913 perpauca
648 2826 799 2910 afferunt,
823 2835 1016 2911 quapropter
1030 2829 1161 2895 Bekker
1182 2848 1222 2894 ea
1244 2829 1371 2896 omnino

196 2955 200 2962 ’
224 2932 340 3017 omisit,
356 2929 557 3010 Goslingsins
572 2948 681 2995 eorum
694 2930 817 2995 nullam
831 2928 908 2994 facit
922 2930 1125 3014 mentionem,
1140 2930 1371 2999 Doberentuius

224 3034 328 3101 obiter
349 3036 472 3099 tantum
493 3030 629 3115 attingit.
1057 3105 1059 3110 Ι

310 3137 380 3202 Hac
402 3131 569 3202 occasione
591 3131 669 3199 data
689 3131 731 3198 de
749 3131 870 3198 schoh0
886 3130 1025 3213 quodam
1040 3151 1136 3216 agere
1158 3133 1264 3216 liceat,
1286 3135 1372 3215 quod

224 3239 280 3321 qui
309 3237 411 3304 obiter
438 3233 650 3318 inspexerint,
679 3236 815 3301 fortasse
844 3234 1047 3317 interpretem
1070 3233 1251 3320 Thucydidi
1273 3235 1372 3304 fuisse

224 3339 431 3422 concludant,
461 3338 516 3420 qui
545 3356 705 3419 nunquam
733 3335 803 3402 fuit.
847 3335 929 3402 Sunt
956 3336 1039 3402 enim
1061 3337 1095 3403 in
1116 3335 1215 3403 schol.
1237 3337 1306 3404 Pal.
1329 3339 1372 3405 ad

223 3442 284 3524 VI,
300 3445 330 3506 4.
364 3441 478 3508 eadem
507 3459 616 3523 manu,
649 3453 732 3522 quae
759 3438 883 3505 scholia
912 3438 1049 3507 Tzctzea
1080 3438 1221 3522 scripsit,
1253 3440 1372 3524 scripta

175 3579 179 3586 ·
223 3544 318 3609 haee:
1306 3541 1312 3552 '

227 3642 381 3730 Τζένζης·
424 3633 538 3719 Οὕτως
555 3634 802 3730 Ἐπαφρόδιτος
824 3637 870 3717 ὥς
892 3628 997 3726 λέγειὲ
1018 3637 1150 3727 γράφει,
1254 3689 1257 3694 ,

417 3744 533 3830 κλῆσιν
555 3741 621 3809 ἐκεῖ
641 3742 703 3829 γὰρ
725 3739 745 3830 ἡ
768 3741 877 3830 πάχνη
898 3741 1020 3830 ταύτην
1043 3745 1148 3830 φέρει,

418 3841 436 3912 ὅ
453 3842 621 3932 Πρόξενος
636 3844 672 3910 δὲ
687 3843 745 3910 σύν
762 3867 852 3911 τισιν
867 3839 982 3922 ἄλλοις
995 3843 1069 3928 (σὺν
1081 3839 1270 3932 Ἑλλανίκῳ)
1285 3847 1372 3932 λέγει

419 3949 569 4025 Γέλωνος
591 3940 710 4035 ἀνδρὸς
732 3945 767 4012 ἔκ
788 3971 878 4023 τινος
901 3947 1007 4012 Γέλαν
1029 3946 1138 4027 πόλιν,

245 4044 355 4135 (οὗτος
379 4045 396 4116 ὁ
420 4050 531 4116 Γέλων
553 4048 625 4128 οἷὸς
645 4047 777 4138 Αἴτνης
799 4050 853 4115 καὶ
873 4044 1016 4137 Ὑμάροο
1038 4045 1084 4125 ὡς
1108 4046 1328 4135 Θεόπομπος)
