<?xml version="1.0" encoding="UTF-8"?>
<!DOCTYPE html PUBLIC "-//W3C//DTD XHTML 1.0 Transitional//EN"
    "http://www.w3.org/TR/xhtml1/DTD/xhtml1-transitional.dtd">
<html xmlns="http://www.w3.org/1999/xhtml" xml:lang="en" lang="en">
 <head>
  <title>
</title>
<meta http-equiv="Content-Type" content="text/html;charset=utf-8" />
  <meta name='ocr-system' content='tesseract 3.04.00' />
  <meta name='ocr-capabilities' content='ocr_page ocr_carea ocr_par ocr_line ocrx_word'/>
</head>
<body>
  <div class='ocr_page' id='page_1' title='image "./quaestionesdesc00schwgoog_0056.png"; bbox 0 0 3142 4700; ppageno 0'>
   <div class='ocr_carea' id='block_1_1' title="bbox 233 240 951 333">
    <p class='ocr_par' dir='ltr' id='par_1_1' title="bbox 233 240 951 333">
     <span class='ocr_line' id='line_1_1' title="bbox 233 240 951 333; baseline -0.01 -1"><span class='ocrx_word' id='word_1_1' title='bbox 233 271 293 333; x_wconf 82' lang='lat'><strong>112</strong></span> <span class='ocrx_word' id='word_1_2' title='bbox 650 240 652 249; x_wconf 33' lang='grc' dir='ltr'>Ι</span> <span class='ocrx_word' id='word_1_3' title='bbox 668 271 803 327; x_wconf 87' lang='lat' dir='ltr'><strong>Ernestus</strong></span> <span class='ocrx_word' id='word_1_4' title='bbox 820 270 951 326; x_wconf 77' lang='lat' dir='ltr'>Schwabe</span> 
     </span>
    </p>
   </div>
   <div class='ocr_carea' id='block_1_2' title="bbox 232 437 1383 528">
    <p class='ocr_par' dir='ltr' id='par_1_2' title="bbox 232 437 1383 528">
     <span class='ocr_line' id='line_1_2' title="bbox 232 437 1383 528; baseline -0.001 -19"><span class='ocrx_word' id='word_1_5' title='bbox 232 437 427 527; x_wconf 79' lang='grc' dir='ltr'><strong><em>λαμβάνειὸ</em></strong></span> <span class='ocrx_word' id='word_1_6' title='bbox 446 439 666 528; x_wconf 81' lang='grc' dir='ltr'><em>Θουκυδίδης,</em></span> <span class='ocrx_word' id='word_1_7' title='bbox 689 460 760 506; x_wconf 91' lang='lat' dir='ltr'><strong>curn</strong></span> <span class='ocrx_word' id='word_1_8' title='bbox 783 442 979 526; x_wconf 89' lang='lat' dir='ltr'><strong>glossatores</strong></span> <span class='ocrx_word' id='word_1_9' title='bbox 999 441 1096 526; x_wconf 88' lang='lat' dir='ltr'><strong>plane</strong></span> <span class='ocrx_word' id='word_1_10' title='bbox 1117 440 1231 509; x_wconf 86' lang='lat' dir='ltr'><strong>eadem</strong></span> <span class='ocrx_word' id='word_1_11' title='bbox 1253 440 1383 511; x_wconf 76' lang='lat' dir='ltr'><strong>tradam</strong></span> 
     </span>
    </p>
   </div>
   <div class='ocr_carea' id='block_1_3' title="bbox 231 541 1485 628">
    <p class='ocr_par' dir='ltr' id='par_1_3' title="bbox 231 541 1485 628">
     <span class='ocr_line' id='line_1_3' title="bbox 231 541 1485 628; baseline -0.004 -16"><span class='ocrx_word' id='word_1_12' title='bbox 231 554 329 628; x_wconf 88' lang='lat' dir='ltr'><strong>atque</strong></span> <span class='ocrx_word' id='word_1_13' title='bbox 350 543 526 612; x_wconf 75' lang='lat' dir='ltr'><strong>scholiasta</strong></span> <span class='ocrx_word' id='word_1_14' title='bbox 547 542 590 608; x_wconf 90' lang='lat' dir='ltr'><strong>ad</strong></span> <span class='ocrx_word' id='word_1_15' title='bbox 612 544 637 608; x_wconf 93' lang='lat' dir='ltr'><strong>l.</strong></span> <span class='ocrx_word' id='word_1_16' title='bbox 654 547 701 607; x_wconf 81' lang='lat'><strong>17.</strong></span> <span class='ocrx_word' id='word_1_17' title='bbox 724 542 780 607; x_wconf 91' lang='lat' dir='ltr'><strong>Ill.</strong></span> <span class='ocrx_word' id='word_1_18' title='bbox 793 545 854 626; x_wconf 80' lang='lat'><strong>92,</strong></span> <span class='ocrx_word' id='word_1_19' title='bbox 883 562 948 609; x_wconf 91' lang='lat' dir='ltr'><strong>una</strong></span> <span class='ocrx_word' id='word_1_20' title='bbox 970 561 1041 608; x_wconf 89' lang='lat' dir='ltr'><strong>oum</strong></span> <span class='ocrx_word' id='word_1_21' title='bbox 1069 543 1189 610; x_wconf 90' lang='lat' dir='ltr'><strong>scholio</strong></span> <span class='ocrx_word' id='word_1_22' title='bbox 1212 541 1255 608; x_wconf 88' lang='lat' dir='ltr'><strong>cd</strong></span> <span class='ocrx_word' id='word_1_23' title='bbox 1277 543 1380 611; x_wconf 87' lang='lat' dir='ltr'><strong>attici-</strong></span> <span class='ocrx_word' id='word_1_24' title='bbox 1483 570 1485 573; x_wconf 96' lang='lat'>·</span> 
     </span>
    </p>
   </div>
   <div class='ocr_carea' id='block_1_4' title="bbox 229 643 1382 1549">
    <p class='ocr_par' dir='ltr' id='par_1_4' title="bbox 229 643 886 729">
     <span class='ocr_line' id='line_1_4' title="bbox 229 643 886 729; baseline -0.011 -14"><span class='ocrx_word' id='word_1_25' title='bbox 229 655 298 715; x_wconf 89' lang='lat' dir='ltr'><strong>stas</strong></span> <span class='ocrx_word' id='word_1_26' title='bbox 320 646 533 713; x_wconf 91' lang='lat' dir='ltr'><strong>reuocandam</strong></span> <span class='ocrx_word' id='word_1_27' title='bbox 555 664 626 712; x_wconf 91' lang='lat' dir='ltr'><strong>esse</strong></span> <span class='ocrx_word' id='word_1_28' title='bbox 648 643 772 710; x_wconf 89' lang='lat' dir='ltr'><strong>censuit</strong></span> <span class='ocrx_word' id='word_1_29' title='bbox 792 664 823 729; x_wconf 90' lang='lat' dir='ltr'><strong>p.</strong></span> <span class='ocrx_word' id='word_1_30' title='bbox 836 645 886 708; x_wconf 81' lang='lat'><strong>42.</strong></span> 
     </span>
    </p>

    <p class='ocr_par' dir='ltr' id='par_1_5' title="bbox 229 743 1382 1134">
     <span class='ocr_line' id='line_1_5' title="bbox 315 743 1382 830; baseline -0.001 -17"><span class='ocrx_word' id='word_1_31' title='bbox 315 749 436 815; x_wconf 82' lang='lat' dir='ltr'>Rursus</span> <span class='ocrx_word' id='word_1_32' title='bbox 458 746 608 830; x_wconf 90' lang='lat' dir='ltr'><strong>Photius,</strong></span> <span class='ocrx_word' id='word_1_33' title='bbox 637 743 769 827; x_wconf 87' lang='lat' dir='ltr'><strong>Suidas,</strong></span> <span class='ocrx_word' id='word_1_34' title='bbox 799 743 972 811; x_wconf 75' lang='lat' dir='ltr'>scholiasta</span> <span class='ocrx_word' id='word_1_35' title='bbox 993 745 1193 812; x_wconf 91' lang='lat' dir='ltr'><strong>consentiunt</strong></span> <span class='ocrx_word' id='word_1_36' title='bbox 1218 745 1251 811; x_wconf 92' lang='lat' dir='ltr'><strong>in</strong></span> <span class='ocrx_word' id='word_1_37' title='bbox 1272 746 1382 828; x_wconf 82' lang='lat' dir='ltr'>glossa</span> 
     </span>
     <span class='ocr_line' id='line_1_6' title="bbox 229 839 1380 932; baseline 0.001 -18"><span class='ocrx_word' id='word_1_38' title='bbox 229 847 572 932; x_wconf 73' lang='grc' dir='ltr'><strong><em>μετατάξασθαι·</em></strong></span> <span class='ocrx_word' id='word_1_39' title='bbox 604 839 678 911; x_wconf 71' lang='grc' dir='ltr'><strong>ἀντὶ</strong></span> <span class='ocrx_word' id='word_1_40' title='bbox 700 848 760 912; x_wconf 78' lang='grc' dir='ltr'><strong><em>τσῦ</em></strong></span> <span class='ocrx_word' id='word_1_41' title='bbox 781 846 972 929; x_wconf 66' lang='grc' dir='ltr'><strong><em>μετελθεῖν,</em></strong></span> <span class='ocrx_word' id='word_1_42' title='bbox 995 864 1091 928; x_wconf 83' lang='lat' dir='ltr'><strong>quam</strong></span> <span class='ocrx_word' id='word_1_43' title='bbox 1112 846 1257 913; x_wconf 74' lang='lat' dir='ltr'>scholion</span> <span class='ocrx_word' id='word_1_44' title='bbox 1279 847 1380 915; x_wconf 83' lang='lat' dir='ltr'><strong>Thuo.</strong></span> 
     </span>
     <span class='ocr_line' id='line_1_7' title="bbox 229 939 1380 1035; baseline -0.002 -19"><span class='ocrx_word' id='word_1_45' title='bbox 229 951 255 1017; x_wconf 89' lang='grc' dir='ltr'><strong>Ι.</strong></span> <span class='ocrx_word' id='word_1_46' title='bbox 268 953 318 1018; x_wconf 83' lang='grc'><strong>95.</strong></span> <span class='ocrx_word' id='word_1_47' title='bbox 340 950 387 1015; x_wconf 81' lang='lat' dir='ltr'><strong>ita</strong></span> <span class='ocrx_word' id='word_1_48' title='bbox 402 950 548 1017; x_wconf 83' lang='lat' dir='ltr'><strong>exhibet:</strong></span> <span class='ocrx_word' id='word_1_49' title='bbox 570 946 843 1032; x_wconf 73' lang='grc' dir='ltr'><strong><em>μετατάξασθαι·</em></strong></span> <span class='ocrx_word' id='word_1_50' title='bbox 867 943 953 1033; x_wconf 81' lang='grc' dir='ltr'><strong><em>πρὸς</em></strong></span> <span class='ocrx_word' id='word_1_51' title='bbox 968 939 1171 1035; x_wconf 75' lang='grc' dir='ltr'><strong><em>Ἀθηναίους</em></strong></span> <span class='ocrx_word' id='word_1_52' title='bbox 1191 949 1380 1030; x_wconf 71' lang='grc' dir='ltr'><strong><em>μετελθεῖν.</em></strong></span> 
     </span>
     <span class='ocr_line' id='line_1_8' title="bbox 229 1054 861 1134; baseline 0 -18"><span class='ocrx_word' id='word_1_53' title='bbox 229 1054 400 1134; x_wconf 69' lang='grc' dir='ltr'><strong><em>μετατεθῖ</em></strong></span> <span class='ocrx_word' id='word_1_54' title='bbox 401 1077 466 1118; x_wconf 81' lang='grc' dir='ltr'><strong>ναι.</strong></span> <span class='ocrx_word' id='word_1_55' title='bbox 856 1087 861 1096; x_wconf 84' lang='grc'><em>·</em></span> 
     </span>
    </p>

    <p class='ocr_par' dir='ltr' id='par_1_6' title="bbox 230 1143 1381 1549">
     <span class='ocr_line' id='line_1_9' title="bbox 315 1143 1379 1234; baseline -0.001 -16"><span class='ocrx_word' id='word_1_56' title='bbox 315 1153 448 1219; x_wconf 82' lang='lat' dir='ltr'><strong>Plotius</strong></span> <span class='ocrx_word' id='word_1_57' title='bbox 470 1172 496 1218; x_wconf 83' lang='lat' dir='ltr'><strong>s.</strong></span> <span class='ocrx_word' id='word_1_58' title='bbox 511 1172 540 1217; x_wconf 82' lang='lat' dir='ltr'><strong>ur.</strong></span> <span class='ocrx_word' id='word_1_59' title='bbox 564 1145 755 1234; x_wconf 79' lang='grc' dir='ltr'><strong><em>ὁμαιχμία</em></strong></span> <span class='ocrx_word' id='word_1_60' title='bbox 770 1150 851 1217; x_wconf 82' lang='lat' dir='ltr'><strong>haec</strong></span> <span class='ocrx_word' id='word_1_61' title='bbox 865 1150 977 1217; x_wconf 84' lang='lat' dir='ltr'><strong>tradit:</strong></span> <span class='ocrx_word' id='word_1_62' title='bbox 999 1143 1178 1231; x_wconf 82' lang='grc' dir='ltr'><strong><em>ὃμομαχία.</em></strong></span> <span class='ocrx_word' id='word_1_63' title='bbox 1198 1155 1379 1233; x_wconf 84' lang='grc' dir='ltr'><strong><em>συμμαχία.</em></strong></span> 
     </span>
     <span class='ocr_line' id='line_1_10' title="bbox 230 1248 1381 1341; baseline 0.001 -22"><span class='ocrx_word' id='word_1_64' title='bbox 230 1251 326 1341; x_wconf 80' lang='grc' dir='ltr'><strong><em>παρὰ</em></strong></span> <span class='ocrx_word' id='word_1_65' title='bbox 347 1251 385 1318; x_wconf 81' lang='grc' dir='ltr'><strong>τὸ</strong></span> <span class='ocrx_word' id='word_1_66' title='bbox 408 1248 493 1336; x_wconf 81' lang='grc' dir='ltr'><strong><em>ὁμσῦ</em></strong></span> <span class='ocrx_word' id='word_1_67' title='bbox 514 1251 575 1330; x_wconf 78' lang='grc' dir='ltr'><strong>τὰς</strong></span> <span class='ocrx_word' id='word_1_68' title='bbox 595 1248 715 1335; x_wconf 79' lang='grc' dir='ltr'><strong><em>αἰχμὰς</em></strong></span> <span class='ocrx_word' id='word_1_69' title='bbox 736 1255 912 1331; x_wconf 71' lang='grc' dir='ltr'><strong><em>τίθεσθαι,</em></strong></span> <span class='ocrx_word' id='word_1_70' title='bbox 936 1270 1018 1333; x_wconf 80' lang='lat' dir='ltr'><strong>quae</strong></span> <span class='ocrx_word' id='word_1_71' title='bbox 1039 1253 1149 1334; x_wconf 79' lang='lat' dir='ltr'>glossa</span> <span class='ocrx_word' id='word_1_72' title='bbox 1170 1252 1278 1317; x_wconf 78' lang='lat' dir='ltr'><strong>multis</strong></span> <span class='ocrx_word' id='word_1_73' title='bbox 1300 1252 1381 1320; x_wconf 81' lang='lat' dir='ltr'><strong>loeis</strong></span> 
     </span>
     <span class='ocr_line' id='line_1_11' title="bbox 230 1352 1380 1440; baseline 0.001 -19"><span class='ocrx_word' id='word_1_74' title='bbox 230 1362 325 1422; x_wconf 86' lang='lat' dir='ltr'><strong>aucta</strong></span> <span class='ocrx_word' id='word_1_75' title='bbox 340 1354 427 1440; x_wconf 85' lang='lat' dir='ltr'><strong>apud</strong></span> <span class='ocrx_word' id='word_1_76' title='bbox 443 1353 574 1421; x_wconf 85' lang='lat' dir='ltr'><strong>Suidam</strong></span> <span class='ocrx_word' id='word_1_77' title='bbox 595 1354 769 1438; x_wconf 90' lang='lat' dir='ltr'><strong>inuenitur,</strong></span> <span class='ocrx_word' id='word_1_78' title='bbox 793 1373 886 1436; x_wconf 88' lang='lat' dir='ltr'><strong>quem</strong></span> <span class='ocrx_word' id='word_1_79' title='bbox 902 1354 991 1420; x_wconf 86' lang='lat' dir='ltr'><strong>loeus</strong></span> <span class='ocrx_word' id='word_1_80' title='bbox 1004 1352 1110 1438; x_wconf 92' lang='lat' dir='ltr'><strong>ipsum</strong></span> <span class='ocrx_word' id='word_1_81' title='bbox 1128 1373 1191 1419; x_wconf 91' lang='lat' dir='ltr'><strong>non</strong></span> <span class='ocrx_word' id='word_1_82' title='bbox 1205 1352 1380 1439; x_wconf 81' lang='lat' dir='ltr'>addidisse,</span> 
     </span>
     <span class='ocr_line' id='line_1_12' title="bbox 230 1453 1380 1549; baseline 0 -28"><span class='ocrx_word' id='word_1_83' title='bbox 230 1454 306 1522; x_wconf 91' lang='lat' dir='ltr'><strong>inde</strong></span> <span class='ocrx_word' id='word_1_84' title='bbox 321 1462 421 1540; x_wconf 88' lang='lat' dir='ltr'><strong>patet,</strong></span> <span class='ocrx_word' id='word_1_85' title='bbox 444 1455 530 1540; x_wconf 91' lang='lat' dir='ltr'><strong>quod</strong></span> <span class='ocrx_word' id='word_1_86' title='bbox 544 1456 649 1522; x_wconf 89' lang='lat' dir='ltr'><strong>locum</strong></span> <span class='ocrx_word' id='word_1_87' title='bbox 664 1455 828 1522; x_wconf 80' lang='lat' dir='ltr'>Herodoto</span> <span class='ocrx_word' id='word_1_88' title='bbox 843 1454 967 1538; x_wconf 82' lang='lat' dir='ltr'><strong>tribuit,</strong></span> <span class='ocrx_word' id='word_1_89' title='bbox 990 1453 1044 1535; x_wconf 89' lang='lat' dir='ltr'><strong>qui</strong></span> <span class='ocrx_word' id='word_1_90' title='bbox 1059 1454 1166 1538; x_wconf 90' lang='lat' dir='ltr'><strong>potius</strong></span> <span class='ocrx_word' id='word_1_91' title='bbox 1180 1455 1380 1549; x_wconf 80' lang='lat' dir='ltr'><strong>Thucydidis</strong></span> 
     </span>
    </p>
   </div>
   <div class='ocr_carea' id='block_1_5' title="bbox 232 1556 1501 1642">
    <p class='ocr_par' dir='ltr' id='par_1_7' title="bbox 232 1556 1501 1642">
     <span class='ocr_line' id='line_1_13' title="bbox 232 1556 1501 1642; baseline -0.001 -20"><span class='ocrx_word' id='word_1_92' title='bbox 232 1556 271 1641; x_wconf 94' lang='grc' dir='ltr'><strong>(Ι.</strong></span> <span class='ocrx_word' id='word_1_93' title='bbox 284 1556 347 1641; x_wconf 87' lang='lat'>18.)</span> <span class='ocrx_word' id='word_1_94' title='bbox 357 1565 414 1625; x_wconf 83' lang='lat' dir='ltr'><strong>est.</strong></span> <span class='ocrx_word' id='word_1_95' title='bbox 437 1558 603 1625; x_wconf 85' lang='lat' dir='ltr'><strong>Habemus</strong></span> <span class='ocrx_word' id='word_1_96' title='bbox 614 1557 710 1640; x_wconf 88' lang='lat' dir='ltr'><strong>igitur</strong></span> <span class='ocrx_word' id='word_1_97' title='bbox 725 1556 917 1639; x_wconf 88' lang='lat' dir='ltr'><strong>exemplum,</strong></span> <span class='ocrx_word' id='word_1_98' title='bbox 930 1574 992 1638; x_wconf 89' lang='lat' dir='ltr'><strong>quo</strong></span> <span class='ocrx_word' id='word_1_99' title='bbox 1008 1576 1048 1623; x_wconf 89' lang='lat' dir='ltr'><strong>ea</strong></span> <span class='ocrx_word' id='word_1_100' title='bbox 1060 1575 1142 1637; x_wconf 89' lang='lat' dir='ltr'><strong>quae</strong></span> <span class='ocrx_word' id='word_1_101' title='bbox 1154 1575 1250 1640; x_wconf 89' lang='lat' dir='ltr'><strong>supra</strong></span> <span class='ocrx_word' id='word_1_102' title='bbox 1261 1557 1305 1642; x_wconf 88' lang='lat' dir='ltr'><strong>(p.</strong></span> <span class='ocrx_word' id='word_1_103' title='bbox 1314 1556 1380 1642; x_wconf 83' lang='grc'><strong>94.)</strong></span> <span class='ocrx_word' id='word_1_104' title='bbox 1495 1634 1501 1641; x_wconf 77' lang='lat'><strong>.</strong></span> 
     </span>
    </p>
   </div>
   <div class='ocr_carea' id='block_1_6' title="bbox 227 1658 1380 3978">
    <p class='ocr_par' dir='ltr' id='par_1_8' title="bbox 227 1658 1380 3666">
     <span class='ocr_line' id='line_1_14' title="bbox 231 1658 1378 1745; baseline 0.002 -21"><span class='ocrx_word' id='word_1_105' title='bbox 231 1658 384 1745; x_wconf 82' lang='lat' dir='ltr'><strong>diximus,</strong></span> <span class='ocrx_word' id='word_1_106' title='bbox 407 1661 665 1745; x_wconf 77' lang='lat' dir='ltr'><strong>comprobentur,</strong></span> <span class='ocrx_word' id='word_1_107' title='bbox 689 1658 823 1725; x_wconf 84' lang='lat' dir='ltr'><strong>Suidam</strong></span> <span class='ocrx_word' id='word_1_108' title='bbox 844 1677 908 1723; x_wconf 90' lang='lat' dir='ltr'><strong>non</strong></span> <span class='ocrx_word' id='word_1_109' title='bbox 929 1677 1000 1723; x_wconf 89' lang='lat' dir='ltr'><strong>raro</strong></span> <span class='ocrx_word' id='word_1_110' title='bbox 1023 1659 1166 1724; x_wconf 87' lang='lat' dir='ltr'><strong>auctiora</strong></span> <span class='ocrx_word' id='word_1_111' title='bbox 1187 1659 1378 1742; x_wconf 89' lang='lat' dir='ltr'><strong>seruauisse,</strong></span> 
     </span>
     <span class='ocr_line' id='line_1_15' title="bbox 232 1757 1377 1843; baseline -0.001 -17"><span class='ocrx_word' id='word_1_112' title='bbox 232 1761 347 1841; x_wconf 88' lang='lat' dir='ltr'><strong>quibus</strong></span> <span class='ocrx_word' id='word_1_113' title='bbox 368 1762 400 1824; x_wconf 89' lang='lat' dir='ltr'><strong>in</strong></span> <span class='ocrx_word' id='word_1_114' title='bbox 424 1760 484 1826; x_wconf 88' lang='lat' dir='ltr'><strong>hac</strong></span> <span class='ocrx_word' id='word_1_115' title='bbox 504 1761 615 1841; x_wconf 80' lang='lat' dir='ltr'><strong>glossa</strong></span> <span class='ocrx_word' id='word_1_116' title='bbox 636 1780 654 1825; x_wconf 91' lang='lat' dir='ltr'><strong>e</strong></span> <span class='ocrx_word' id='word_1_117' title='bbox 676 1780 765 1826; x_wconf 90' lang='lat' dir='ltr'><strong>more</strong></span> <span class='ocrx_word' id='word_1_118' title='bbox 786 1779 844 1843; x_wconf 87' lang='lat' dir='ltr'><strong>suo</strong></span> <span class='ocrx_word' id='word_1_119' title='bbox 869 1757 1024 1825; x_wconf 89' lang='lat' dir='ltr'><strong>nonnulla</strong></span> <span class='ocrx_word' id='word_1_120' title='bbox 1046 1780 1064 1825; x_wconf 90' lang='lat' dir='ltr'><strong>e</strong></span> <span class='ocrx_word' id='word_1_121' title='bbox 1086 1758 1291 1843; x_wconf 87' lang='lat' dir='ltr'><strong>scriptoribus</strong></span> <span class='ocrx_word' id='word_1_122' title='bbox 1312 1761 1377 1843; x_wconf 89' lang='lat' dir='ltr'><strong>By-</strong></span> 
     </span>
     <span class='ocr_line' id='line_1_16' title="bbox 230 1859 1376 1947; baseline 0.001 -21"><span class='ocrx_word' id='word_1_123' title='bbox 230 1861 366 1927; x_wconf 85' lang='lat' dir='ltr'><strong>zantinis</strong></span> <span class='ocrx_word' id='word_1_124' title='bbox 387 1863 457 1946; x_wconf 91' lang='lat' dir='ltr'><strong>ipse</strong></span> <span class='ocrx_word' id='word_1_125' title='bbox 478 1861 646 1947; x_wconf 77' lang='lat' dir='ltr'><strong>adspersit.</strong></span> <span class='ocrx_word' id='word_1_126' title='bbox 691 1859 809 1926; x_wconf 83' lang='lat' dir='ltr'><strong>Suidas</strong></span> <span class='ocrx_word' id='word_1_127' title='bbox 830 1860 926 1944; x_wconf 88' lang='lat' dir='ltr'><strong>igitur</strong></span> <span class='ocrx_word' id='word_1_128' title='bbox 947 1860 975 1926; x_wconf 91' lang='lat' dir='ltr'><strong>si</strong></span> <span class='ocrx_word' id='word_1_129' title='bbox 997 1880 1110 1926; x_wconf 87' lang='lat' dir='ltr'><strong>reuera</strong></span> <span class='ocrx_word' id='word_1_130' title='bbox 1132 1860 1214 1926; x_wconf 90' lang='lat' dir='ltr'><strong>hanc</strong></span> <span class='ocrx_word' id='word_1_131' title='bbox 1235 1860 1376 1940; x_wconf 83' lang='lat' dir='ltr'><strong>glossam</strong></span> 
     </span>
     <span class='ocr_line' id='line_1_17' title="bbox 231 1961 1379 2046; baseline 0.001 -20"><span class='ocrx_word' id='word_1_132' title='bbox 231 1961 385 2027; x_wconf 89' lang='lat' dir='ltr'><strong>ePhotio</strong></span> <span class='ocrx_word' id='word_1_133' title='bbox 415 1962 651 2046; x_wconf 84' lang='lat' dir='ltr'><strong>exscripsisset,</strong></span> <span class='ocrx_word' id='word_1_134' title='bbox 681 1962 779 2027; x_wconf 89' lang='lat' dir='ltr'><strong>multo</strong></span> <span class='ocrx_word' id='word_1_135' title='bbox 809 1961 951 2044; x_wconf 89' lang='lat' dir='ltr'><strong>pleniore</strong></span> <span class='ocrx_word' id='word_1_136' title='bbox 979 1961 1155 2044; x_wconf 84' lang='lat' dir='ltr'><strong>exemplari</strong></span> <span class='ocrx_word' id='word_1_137' title='bbox 1186 1980 1263 2028; x_wconf 92' lang='lat' dir='ltr'><strong>usus</strong></span> <span class='ocrx_word' id='word_1_138' title='bbox 1293 1969 1379 2029; x_wconf 89' lang='lat' dir='ltr'><strong>esset</strong></span> 
     </span>
     <span class='ocr_line' id='line_1_18' title="bbox 231 2060 1376 2147; baseline 0 -18"><span class='ocrx_word' id='word_1_139' title='bbox 231 2081 327 2145; x_wconf 90' lang='lat' dir='ltr'><strong>quam</strong></span> <span class='ocrx_word' id='word_1_140' title='bbox 350 2060 452 2128; x_wconf 82' lang='lat' dir='ltr'><strong>codex</strong></span> <span class='ocrx_word' id='word_1_141' title='bbox 474 2069 522 2129; x_wconf 90' lang='lat' dir='ltr'><strong>est</strong></span> <span class='ocrx_word' id='word_1_142' title='bbox 544 2062 721 2147; x_wconf 83' lang='lat' dir='ltr'><strong>Galeanus,</strong></span> <span class='ocrx_word' id='word_1_143' title='bbox 751 2080 905 2143; x_wconf 86' lang='lat' dir='ltr'><strong>quaeres</strong></span> <span class='ocrx_word' id='word_1_144' title='bbox 926 2060 1099 2127; x_wconf 88' lang='lat' dir='ltr'><strong>admodum</strong></span> <span class='ocrx_word' id='word_1_145' title='bbox 1122 2061 1220 2127; x_wconf 88' lang='lat' dir='ltr'><strong>dubia</strong></span> <span class='ocrx_word' id='word_1_146' title='bbox 1241 2063 1376 2146; x_wconf 88' lang='lat' dir='ltr'><strong>uidetur,</strong></span> 
     </span>
     <span class='ocr_line' id='line_1_19' title="bbox 231 2162 1380 2248; baseline 0.002 -18"><span class='ocrx_word' id='word_1_147' title='bbox 231 2164 269 2230; x_wconf 86' lang='lat' dir='ltr'><strong>ef.</strong></span> <span class='ocrx_word' id='word_1_148' title='bbox 285 2163 492 2243; x_wconf 72' lang='lat' dir='ltr'><strong>Naber.§19.</strong></span> <span class='ocrx_word' id='word_1_149' title='bbox 524 2164 629 2230; x_wconf 89' lang='lat' dir='ltr'><strong>Meam</strong></span> <span class='ocrx_word' id='word_1_150' title='bbox 644 2162 740 2246; x_wconf 90' lang='lat' dir='ltr'><strong>igitur</strong></span> <span class='ocrx_word' id='word_1_151' title='bbox 754 2164 860 2246; x_wconf 84' lang='lat' dir='ltr'><strong>potius</strong></span> <span class='ocrx_word' id='word_1_152' title='bbox 874 2162 1065 2229; x_wconf 90' lang='lat' dir='ltr'><strong>sententiam</strong></span> <span class='ocrx_word' id='word_1_153' title='bbox 1079 2164 1291 2248; x_wconf 87' lang='lat' dir='ltr'><strong>amplecteris,</strong></span> <span class='ocrx_word' id='word_1_154' title='bbox 1314 2183 1380 2246; x_wconf 89' lang='lat' dir='ltr'><strong>qua</strong></span> 
     </span>
     <span class='ocr_line' id='line_1_20' title="bbox 230 2263 1376 2351; baseline -0.001 -19"><span class='ocrx_word' id='word_1_155' title='bbox 230 2263 364 2332; x_wconf 88' lang='lat' dir='ltr'><strong>Suidam</strong></span> <span class='ocrx_word' id='word_1_156' title='bbox 386 2285 449 2332; x_wconf 89' lang='lat' dir='ltr'><strong>nou</strong></span> <span class='ocrx_word' id='word_1_157' title='bbox 471 2264 634 2346; x_wconf 89' lang='lat' dir='ltr'><strong>ePhotio,</strong></span> <span class='ocrx_word' id='word_1_158' title='bbox 656 2264 715 2332; x_wconf 89' lang='lat' dir='ltr'><strong>sed</strong></span> <span class='ocrx_word' id='word_1_159' title='bbox 737 2284 778 2331; x_wconf 85' lang='lat' dir='ltr'><strong>ex</strong></span> <span class='ocrx_word' id='word_1_160' title='bbox 799 2263 886 2330; x_wconf 92' lang='lat' dir='ltr'><strong>illius</strong></span> <span class='ocrx_word' id='word_1_161' title='bbox 908 2265 1090 2331; x_wconf 88' lang='lat' dir='ltr'><strong>auctoribus</strong></span> <span class='ocrx_word' id='word_1_162' title='bbox 1111 2264 1257 2332; x_wconf 85' lang='lat' dir='ltr'><strong>hausisse</strong></span> <span class='ocrx_word' id='word_1_163' title='bbox 1278 2285 1376 2351; x_wconf 88' lang='lat' dir='ltr'><strong>supra</strong></span> 
     </span>
     <span class='ocr_line' id='line_1_21' title="bbox 230 2366 1378 2451; baseline 0 -16"><span class='ocrx_word' id='word_1_164' title='bbox 230 2367 379 2436; x_wconf 91' lang='lat' dir='ltr'><strong>contendi</strong></span> <span class='ocrx_word' id='word_1_165' title='bbox 400 2387 473 2451; x_wconf 86' lang='lat' dir='ltr'><strong>pag.</strong></span> <span class='ocrx_word' id='word_1_166' title='bbox 492 2370 541 2432; x_wconf 82' lang='lat'><strong>93.</strong></span> <span class='ocrx_word' id='word_1_167' title='bbox 566 2385 613 2448; x_wconf 89' lang='lat' dir='ltr'><strong>sq.</strong></span> <span class='ocrx_word' id='word_1_168' title='bbox 657 2366 723 2433; x_wconf 87' lang='lat' dir='ltr'><strong>Sed</strong></span> <span class='ocrx_word' id='word_1_169' title='bbox 745 2367 827 2433; x_wconf 84' lang='lat' dir='ltr'><strong>haee</strong></span> <span class='ocrx_word' id='word_1_170' title='bbox 855 2366 1000 2448; x_wconf 85' lang='lat' dir='ltr'><strong>quaestio</strong></span> <span class='ocrx_word' id='word_1_171' title='bbox 1029 2387 1123 2449; x_wconf 91' lang='lat' dir='ltr'><strong>quem</strong></span> <span class='ocrx_word' id='word_1_172' title='bbox 1150 2368 1184 2433; x_wconf 93' lang='lat' dir='ltr'><strong>in</strong></span> <span class='ocrx_word' id='word_1_173' title='bbox 1205 2367 1333 2435; x_wconf 91' lang='lat' dir='ltr'><strong>modum</strong></span> <span class='ocrx_word' id='word_1_174' title='bbox 1355 2389 1378 2435; x_wconf 90' lang='lat' dir='ltr'><strong>a</strong></span> 
     </span>
     <span class='ocr_line' id='line_1_22' title="bbox 229 2466 1375 2551; baseline 0 -16"><span class='ocrx_word' id='word_1_175' title='bbox 229 2469 307 2535; x_wconf 91' lang='lat' dir='ltr'><strong>uiris</strong></span> <span class='ocrx_word' id='word_1_176' title='bbox 322 2468 425 2535; x_wconf 90' lang='lat' dir='ltr'><strong>doctis</strong></span> <span class='ocrx_word' id='word_1_177' title='bbox 446 2469 597 2549; x_wconf 90' lang='lat' dir='ltr'><strong>soluatur,</strong></span> <span class='ocrx_word' id='word_1_178' title='bbox 620 2466 672 2532; x_wconf 88' lang='lat' dir='ltr'><strong>hio</strong></span> <span class='ocrx_word' id='word_1_179' title='bbox 686 2468 765 2534; x_wconf 91' lang='lat' dir='ltr'><strong>nihil</strong></span> <span class='ocrx_word' id='word_1_180' title='bbox 779 2469 920 2551; x_wconf 86' lang='lat' dir='ltr'><strong>interest,</strong></span> <span class='ocrx_word' id='word_1_181' title='bbox 943 2489 1015 2534; x_wconf 89' lang='lat' dir='ltr'><strong>cum</strong></span> <span class='ocrx_word' id='word_1_182' title='bbox 1030 2467 1164 2534; x_wconf 82' lang='lat' dir='ltr'><strong>Suidam</strong></span> <span class='ocrx_word' id='word_1_183' title='bbox 1181 2474 1213 2534; x_wconf 89' lang='lat' dir='ltr'><strong>et</strong></span> <span class='ocrx_word' id='word_1_184' title='bbox 1227 2469 1375 2536; x_wconf 89' lang='lat' dir='ltr'><strong>Photium</strong></span> 
     </span>
     <span class='ocr_line' id='line_1_23' title="bbox 230 2568 1376 2655; baseline 0.003 -21"><span class='ocrx_word' id='word_1_185' title='bbox 230 2568 344 2635; x_wconf 90' lang='lat' dir='ltr'><strong>eadem</strong></span> <span class='ocrx_word' id='word_1_186' title='bbox 372 2568 727 2654; x_wconf 82' lang='lat' dir='ltr'><strong>tradereperspicuum</strong></span> <span class='ocrx_word' id='word_1_187' title='bbox 754 2569 811 2651; x_wconf 90' lang='lat' dir='ltr'><strong>sit,</strong></span> <span class='ocrx_word' id='word_1_188' title='bbox 841 2570 926 2636; x_wconf 91' lang='lat' dir='ltr'><strong>unde</strong></span> <span class='ocrx_word' id='word_1_189' title='bbox 955 2576 1091 2655; x_wconf 87' lang='lat' dir='ltr'><strong>apparet</strong></span> <span class='ocrx_word' id='word_1_190' title='bbox 1111 2569 1207 2635; x_wconf 91' lang='lat' dir='ltr'><strong>Photi</strong></span> <span class='ocrx_word' id='word_1_191' title='bbox 1235 2572 1376 2653; x_wconf 82' lang='lat' dir='ltr'><strong>glossam</strong></span> 
     </span>
     <span class='ocr_line' id='line_1_24' title="bbox 228 2668 1375 2755; baseline 0.002 -19"><span class='ocrx_word' id='word_1_192' title='bbox 228 2690 342 2738; x_wconf 83' lang='lat' dir='ltr'><strong>reuera</strong></span> <span class='ocrx_word' id='word_1_193' title='bbox 369 2668 413 2734; x_wconf 92' lang='lat' dir='ltr'><strong>ad</strong></span> <span class='ocrx_word' id='word_1_194' title='bbox 434 2669 533 2735; x_wconf 83' lang='lat' dir='ltr'><strong>Thuc.</strong></span> <span class='ocrx_word' id='word_1_195' title='bbox 548 2669 573 2733; x_wconf 93' lang='lat' dir='ltr'><strong>I.</strong></span> <span class='ocrx_word' id='word_1_196' title='bbox 590 2673 636 2734; x_wconf 85' lang='grc'><strong>18.</strong></span> <span class='ocrx_word' id='word_1_197' title='bbox 664 2670 866 2738; x_wconf 87' lang='lat' dir='ltr'><strong>referendam</strong></span> <span class='ocrx_word' id='word_1_198' title='bbox 889 2691 973 2755; x_wconf 90' lang='lat' dir='ltr'><strong>esse,</strong></span> <span class='ocrx_word' id='word_1_199' title='bbox 1002 2671 1058 2737; x_wconf 92' lang='lat' dir='ltr'><strong>ubi</strong></span> <span class='ocrx_word' id='word_1_200' title='bbox 1079 2670 1141 2737; x_wconf 87' lang='lat' dir='ltr'><strong>hoe</strong></span> <span class='ocrx_word' id='word_1_201' title='bbox 1163 2671 1307 2738; x_wconf 90' lang='lat' dir='ltr'><strong>scholion</strong></span> <span class='ocrx_word' id='word_1_202' title='bbox 1328 2672 1375 2738; x_wconf 91' lang='lat' dir='ltr'><strong>in-</strong></span> 
     </span>
     <span class='ocr_line' id='line_1_25' title="bbox 229 2761 1376 2858; baseline -0.002 -19"><span class='ocrx_word' id='word_1_203' title='bbox 229 2772 389 2839; x_wconf 86' lang='lat' dir='ltr'><strong>uenimus:</strong></span> <span class='ocrx_word' id='word_1_204' title='bbox 419 2767 594 2857; x_wconf 74' lang='grc' dir='ltr'><strong><em>ὁμαιχμία]</em></strong></span> <span class='ocrx_word' id='word_1_205' title='bbox 618 2768 652 2835; x_wconf 74' lang='grc' dir='ltr'><strong>ἐκ</strong></span> <span class='ocrx_word' id='word_1_206' title='bbox 679 2773 740 2836; x_wconf 79' lang='grc' dir='ltr'><strong><em>τσῦ</em></strong></span> <span class='ocrx_word' id='word_1_207' title='bbox 761 2765 846 2854; x_wconf 75' lang='grc' dir='ltr'><strong><em>ὁμσῦ</em></strong></span> <span class='ocrx_word' id='word_1_208' title='bbox 878 2774 934 2837; x_wconf 86' lang='grc' dir='ltr'><strong>καὶ</strong></span> <span class='ocrx_word' id='word_1_209' title='bbox 964 2761 1069 2858; x_wconf 78' lang='grc' dir='ltr'><strong>ἐ’χωῆ</strong></span> <span class='ocrx_word' id='word_1_210' title='bbox 1098 2772 1225 2854; x_wconf 80' lang='grc' dir='ltr'><strong><em>μᾶλλον</em></strong></span> <span class='ocrx_word' id='word_1_211' title='bbox 1254 2769 1288 2837; x_wconf 77' lang='grc' dir='ltr'><strong>ἐκ</strong></span> <span class='ocrx_word' id='word_1_212' title='bbox 1315 2776 1376 2837; x_wconf 82' lang='grc' dir='ltr'><strong>τοῦ</strong></span> 
     </span>
     <span class='ocr_line' id='line_1_26' title="bbox 229 2869 1376 2959; baseline 0.001 -20"><span class='ocrx_word' id='word_1_213' title='bbox 229 2869 314 2956; x_wconf 80' lang='grc' dir='ltr'><strong><em>ὁμοῦ</em></strong></span> <span class='ocrx_word' id='word_1_214' title='bbox 335 2875 392 2938; x_wconf 81' lang='grc' dir='ltr'><strong>καὶ</strong></span> <span class='ocrx_word' id='word_1_215' title='bbox 415 2871 525 2959; x_wconf 83' lang='grc' dir='ltr'><strong>αἰχμή.</strong></span> <span class='ocrx_word' id='word_1_216' title='bbox 563 2871 708 2938; x_wconf 85' lang='lat' dir='ltr'><strong>Eandem</strong></span> <span class='ocrx_word' id='word_1_217' title='bbox 727 2892 799 2939; x_wconf 90' lang='lat' dir='ltr'><strong>curn</strong></span> <span class='ocrx_word' id='word_1_218' title='bbox 821 2873 997 2939; x_wconf 89' lang='lat' dir='ltr'><strong>habeamus</strong></span> <span class='ocrx_word' id='word_1_219' title='bbox 1019 2873 1261 2957; x_wconf 87' lang='lat' dir='ltr'><strong>etymologiam,</strong></span> <span class='ocrx_word' id='word_1_220' title='bbox 1284 2874 1376 2942; x_wconf 91' lang='lat' dir='ltr'><strong>dubi-</strong></span> 
     </span>
     <span class='ocr_line' id='line_1_27' title="bbox 227 2972 1376 3059; baseline 0.003 -19"><span class='ocrx_word' id='word_1_221' title='bbox 227 2976 290 3040; x_wconf 86' lang='lat' dir='ltr'><strong>tari</strong></span> <span class='ocrx_word' id='word_1_222' title='bbox 312 2975 398 3040; x_wconf 89' lang='lat' dir='ltr'><strong>nullo</strong></span> <span class='ocrx_word' id='word_1_223' title='bbox 414 2972 508 3039; x_wconf 92' lang='lat' dir='ltr'><strong>modo</strong></span> <span class='ocrx_word' id='word_1_224' title='bbox 523 2977 645 3056; x_wconf 88' lang='lat' dir='ltr'><strong>potest,</strong></span> <span class='ocrx_word' id='word_1_225' title='bbox 669 2972 745 3054; x_wconf 91' lang='lat' dir='ltr'><strong>quin</strong></span> <span class='ocrx_word' id='word_1_226' title='bbox 766 2974 842 3041; x_wconf 87' lang='lat' dir='ltr'><strong>illae</strong></span> <span class='ocrx_word' id='word_1_227' title='bbox 863 2974 991 3059; x_wconf 87' lang='lat' dir='ltr'><strong>glossae</strong></span> <span class='ocrx_word' id='word_1_228' title='bbox 1012 2974 1055 3040; x_wconf 88' lang='lat' dir='ltr'><strong>ad</strong></span> <span class='ocrx_word' id='word_1_229' title='bbox 1071 2974 1206 3042; x_wconf 89' lang='lat' dir='ltr'><strong>eandem</strong></span> <span class='ocrx_word' id='word_1_230' title='bbox 1221 2976 1376 3059; x_wconf 86' lang='lat' dir='ltr'><strong>originem</strong></span> 
     </span>
     <span class='ocr_line' id='line_1_28' title="bbox 228 3073 1374 3160; baseline 0.004 -19"><span class='ocrx_word' id='word_1_231' title='bbox 228 3074 415 3143; x_wconf 86' lang='lat' dir='ltr'><strong>referendae</strong></span> <span class='ocrx_word' id='word_1_232' title='bbox 436 3074 500 3140; x_wconf 88' lang='lat' dir='ltr'><strong>sint</strong></span> <span class='ocrx_word' id='word_1_233' title='bbox 520 3073 542 3141; x_wconf 88' lang='lat' dir='ltr'><strong>i.</strong></span> <span class='ocrx_word' id='word_1_234' title='bbox 555 3094 583 3139; x_wconf 89' lang='lat' dir='ltr'><strong>e.</strong></span> <span class='ocrx_word' id='word_1_235' title='bbox 606 3074 648 3140; x_wconf 88' lang='lat' dir='ltr'><strong>ad</strong></span> <span class='ocrx_word' id='word_1_236' title='bbox 670 3074 836 3140; x_wconf 86' lang='lat' dir='ltr'><strong>atticistas.</strong></span> <span class='ocrx_word' id='word_1_237' title='bbox 883 3074 1028 3142; x_wconf 85' lang='lat' dir='ltr'><strong>Eandem</strong></span> <span class='ocrx_word' id='word_1_238' title='bbox 1049 3076 1191 3160; x_wconf 87' lang='lat' dir='ltr'><strong>glossam</strong></span> <span class='ocrx_word' id='word_1_239' title='bbox 1213 3080 1374 3146; x_wconf 90' lang='lat' dir='ltr'><strong>nonnullis</strong></span> 
     </span>
     <span class='ocr_line' id='line_1_29' title="bbox 228 3175 1375 3267; baseline 0.003 -23"><span class='ocrx_word' id='word_1_240' title='bbox 228 3181 350 3245; x_wconf 68' lang='lat' dir='ltr'><strong>tanum</strong></span> <span class='ocrx_word' id='word_1_241' title='bbox 374 3176 480 3243; x_wconf 89' lang='lat' dir='ltr'><strong>uerbis</strong></span> <span class='ocrx_word' id='word_1_242' title='bbox 496 3175 727 3261; x_wconf 89' lang='lat' dir='ltr'><strong>discrepantem</strong></span> <span class='ocrx_word' id='word_1_243' title='bbox 742 3177 897 3243; x_wconf 88' lang='lat' dir='ltr'><strong>habemus</strong></span> <span class='ocrx_word' id='word_1_244' title='bbox 911 3176 945 3241; x_wconf 91' lang='lat' dir='ltr'><strong>in</strong></span> <span class='ocrx_word' id='word_1_245' title='bbox 959 3177 1065 3262; x_wconf 82' lang='lat' dir='ltr'><strong>Etym.</strong></span> <span class='ocrx_word' id='word_1_246' title='bbox 1080 3180 1164 3262; x_wconf 85' lang='lat' dir='ltr'><strong>Mag.</strong></span> <span class='ocrx_word' id='word_1_247' title='bbox 1187 3201 1217 3265; x_wconf 85' lang='lat' dir='ltr'><strong>p.</strong></span> <span class='ocrx_word' id='word_1_248' title='bbox 1230 3183 1301 3263; x_wconf 80' lang='lat'><strong>623,</strong></span> <span class='ocrx_word' id='word_1_249' title='bbox 1314 3184 1375 3267; x_wconf 78' lang='lat'><strong>38,</strong></span> 
     </span>
     <span class='ocr_line' id='line_1_30' title="bbox 229 3276 1374 3362; baseline 0.004 -18"><span class='ocrx_word' id='word_1_250' title='bbox 229 3298 326 3361; x_wconf 89' lang='lat' dir='ltr'><strong>quam</strong></span> <span class='ocrx_word' id='word_1_251' title='bbox 346 3278 412 3344; x_wconf 87' lang='lat' dir='ltr'><strong>iam</strong></span> <span class='ocrx_word' id='word_1_252' title='bbox 435 3276 622 3344; x_wconf 83' lang='lat' dir='ltr'><strong>Gaisfordus</strong></span> <span class='ocrx_word' id='word_1_253' title='bbox 644 3278 687 3344; x_wconf 88' lang='lat' dir='ltr'><strong>ad</strong></span> <span class='ocrx_word' id='word_1_254' title='bbox 709 3278 852 3344; x_wconf 89' lang='lat' dir='ltr'><strong>scholion</strong></span> <span class='ocrx_word' id='word_1_255' title='bbox 874 3276 1118 3362; x_wconf 83' lang='lat' dir='ltr'><strong>Thucydideum</strong></span> <span class='ocrx_word' id='word_1_256' title='bbox 1140 3280 1271 3346; x_wconf 87' lang='lat' dir='ltr'><strong>rettulit.</strong></span> <span class='ocrx_word' id='word_1_257' title='bbox 1310 3282 1374 3349; x_wconf 91' lang='lat' dir='ltr'><strong>He·</strong></span> 
     </span>
     <span class='ocr_line' id='line_1_31' title="bbox 228 3378 1374 3465; baseline 0.003 -18"><span class='ocrx_word' id='word_1_258' title='bbox 228 3381 320 3463; x_wconf 87' lang='lat' dir='ltr'><strong>sychi</strong></span> <span class='ocrx_word' id='word_1_259' title='bbox 341 3389 450 3446; x_wconf 88' lang='lat' dir='ltr'><strong>autern</strong></span> <span class='ocrx_word' id='word_1_260' title='bbox 476 3381 548 3447; x_wconf 90' lang='lat' dir='ltr'><strong>loco</strong></span> <span class='ocrx_word' id='word_1_261' title='bbox 570 3379 649 3445; x_wconf 91' lang='lat' dir='ltr'><strong>nihil</strong></span> <span class='ocrx_word' id='word_1_262' title='bbox 671 3378 713 3445; x_wconf 91' lang='lat' dir='ltr'><strong>ad</strong></span> <span class='ocrx_word' id='word_1_263' title='bbox 736 3379 952 3465; x_wconf 84' lang='lat' dir='ltr'><strong>explorandos</strong></span> <span class='ocrx_word' id='word_1_264' title='bbox 979 3381 1157 3463; x_wconf 88' lang='lat' dir='ltr'><strong>glossarum</strong></span> <span class='ocrx_word' id='word_1_265' title='bbox 1179 3390 1211 3448; x_wconf 89' lang='lat' dir='ltr'><strong>et</strong></span> <span class='ocrx_word' id='word_1_266' title='bbox 1239 3382 1374 3451; x_wconf 87' lang='lat' dir='ltr'><strong>scholio-</strong></span> 
     </span>
     <span class='ocr_line' id='line_1_32' title="bbox 229 3480 1373 3568; baseline 0.003 -21"><span class='ocrx_word' id='word_1_267' title='bbox 229 3500 300 3547; x_wconf 92' lang='lat' dir='ltr'><strong>rum</strong></span> <span class='ocrx_word' id='word_1_268' title='bbox 321 3486 467 3548; x_wconf 89' lang='lat' dir='ltr'><strong>auctores</strong></span> <span class='ocrx_word' id='word_1_269' title='bbox 488 3482 687 3568; x_wconf 89' lang='lat' dir='ltr'><strong>proficimus,</strong></span> <span class='ocrx_word' id='word_1_270' title='bbox 711 3501 782 3546; x_wconf 88' lang='lat' dir='ltr'><strong>eum</strong></span> <span class='ocrx_word' id='word_1_271' title='bbox 806 3480 925 3548; x_wconf 89' lang='lat' dir='ltr'><strong>codicis</strong></span> <span class='ocrx_word' id='word_1_272' title='bbox 939 3481 1093 3547; x_wconf 88' lang='lat' dir='ltr'><strong>Marciani</strong></span> <span class='ocrx_word' id='word_1_273' title='bbox 1116 3481 1264 3549; x_wconf 91' lang='lat' dir='ltr'><strong>librarius</strong></span> <span class='ocrx_word' id='word_1_274' title='bbox 1278 3485 1373 3551; x_wconf 89' lang='lat' dir='ltr'><strong>inter·</strong></span> 
     </span>
     <span class='ocr_line' id='line_1_33' title="bbox 228 3583 753 3666; baseline 0 -18"><span class='ocrx_word' id='word_1_275' title='bbox 228 3587 461 3666; x_wconf 86' lang='lat' dir='ltr'><strong>pretamentum</strong></span> <span class='ocrx_word' id='word_1_276' title='bbox 482 3584 581 3665; x_wconf 88' lang='lat' dir='ltr'><strong>plane</strong></span> <span class='ocrx_word' id='word_1_277' title='bbox 603 3583 753 3649; x_wconf 89' lang='lat' dir='ltr'><strong>omiserit.</strong></span> 
     </span>
    </p>

    <p class='ocr_par' dir='ltr' id='par_1_9' title="bbox 229 3675 1375 3978">
     <span class='ocr_line' id='line_1_34' title="bbox 314 3675 1375 3774; baseline 0.003 -25"><span class='ocrx_word' id='word_1_278' title='bbox 314 3682 394 3749; x_wconf 79' lang='lat' dir='ltr'><strong>Cum</strong></span> <span class='ocrx_word' id='word_1_279' title='bbox 408 3682 530 3749; x_wconf 89' lang='lat' dir='ltr'><strong>scholio</strong></span> <span class='ocrx_word' id='word_1_280' title='bbox 545 3683 645 3749; x_wconf 85' lang='lat' dir='ltr'><strong>Thoe.</strong></span> <span class='ocrx_word' id='word_1_281' title='bbox 655 3686 680 3752; x_wconf 92' lang='lat' dir='ltr'><strong>I.</strong></span> <span class='ocrx_word' id='word_1_282' title='bbox 694 3688 744 3748; x_wconf 84' lang='grc'><strong>56.</strong></span> <span class='ocrx_word' id='word_1_283' title='bbox 767 3677 945 3768; x_wconf 83' lang='grc' dir='ltr'><strong><em>ὁμήρους]</em></strong></span> <span class='ocrx_word' id='word_1_284' title='bbox 960 3675 1038 3759; x_wconf 77' lang='grc' dir='ltr'><strong><em>τοὺς</em></strong></span> <span class='ocrx_word' id='word_1_285' title='bbox 1060 3680 1153 3748; x_wconf 79' lang='grc' dir='ltr'><strong><em>ἕνεκα</em></strong></span> <span class='ocrx_word' id='word_1_286' title='bbox 1176 3683 1306 3774; x_wconf 80' lang='grc' dir='ltr'><em>εἰρήνης</em></span> <span class='ocrx_word' id='word_1_287' title='bbox 1322 3685 1375 3752; x_wconf 82' lang='lat' dir='ltr'><strong>dc-</strong></span> 
     </span>
     <span class='ocr_line' id='line_1_35' title="bbox 229 3780 1374 3870; baseline 0.004 -22"><span class='ocrx_word' id='word_1_288' title='bbox 229 3782 387 3867; x_wconf 77' lang='grc' dir='ltr'><strong><em>δομένους</em></strong></span> <span class='ocrx_word' id='word_1_289' title='bbox 402 3781 450 3860; x_wconf 81' lang='grc' dir='ltr'><strong>εἰς</strong></span> <span class='ocrx_word' id='word_1_290' title='bbox 466 3780 599 3870; x_wconf 76' lang='grc' dir='ltr'><strong><em>ἐνέχυρα</em></strong></span> <span class='ocrx_word' id='word_1_291' title='bbox 613 3783 665 3867; x_wconf 88' lang='lat' dir='ltr'><strong>(cf.</strong></span> <span class='ocrx_word' id='word_1_292' title='bbox 681 3784 779 3850; x_wconf 88' lang='lat' dir='ltr'><strong>schol.</strong></span> <span class='ocrx_word' id='word_1_293' title='bbox 792 3784 892 3851; x_wconf 85' lang='lat' dir='ltr'><strong>Thuc.</strong></span> <span class='ocrx_word' id='word_1_294' title='bbox 903 3784 928 3850; x_wconf 94' lang='grc' dir='ltr'><strong>Ι.</strong></span> <span class='ocrx_word' id='word_1_295' title='bbox 942 3784 1006 3869; x_wconf 81' lang='grc'><strong>82.)</strong></span> <span class='ocrx_word' id='word_1_296' title='bbox 1028 3785 1228 3851; x_wconf 90' lang='lat' dir='ltr'><strong>consentiunt</strong></span> <span class='ocrx_word' id='word_1_297' title='bbox 1240 3786 1374 3854; x_wconf 92' lang='lat' dir='ltr'><strong>Photius</strong></span> 
     </span>
     <span class='ocr_line' id='line_1_36' title="bbox 229 3877 1374 3978; baseline 0.001 -24"><span class='ocrx_word' id='word_1_298' title='bbox 229 3893 261 3954; x_wconf 91' lang='lat' dir='ltr'><strong>et</strong></span> <span class='ocrx_word' id='word_1_299' title='bbox 282 3886 414 3971; x_wconf 82' lang='lat' dir='ltr'><strong>Suidas,</strong></span> <span class='ocrx_word' id='word_1_300' title='bbox 437 3885 491 3969; x_wconf 91' lang='lat' dir='ltr'><strong>qui</strong></span> <span class='ocrx_word' id='word_1_301' title='bbox 513 3885 667 3978; x_wconf 89' lang='lat' dir='ltr'><strong>hocloco</strong></span> <span class='ocrx_word' id='word_1_302' title='bbox 689 3887 785 3970; x_wconf 90' lang='lat' dir='ltr'><strong>paulo</strong></span> <span class='ocrx_word' id='word_1_303' title='bbox 808 3886 974 3955; x_wconf 91' lang='lat' dir='ltr'><strong>uerbosior</strong></span> <span class='ocrx_word' id='word_1_304' title='bbox 994 3885 1094 3972; x_wconf 87' lang='lat' dir='ltr'><strong>est¹):</strong></span> <span class='ocrx_word' id='word_1_305' title='bbox 1116 3877 1241 3974; x_wconf 78' lang='grc' dir='ltr'><strong><em>ὅμηρον</em></strong></span> <span class='ocrx_word' id='word_1_306' title='bbox 1263 3885 1374 3975; x_wconf 77' lang='grc' dir='ltr'><strong><em>(παρὰ</em></strong></span> 
     </span>
    </p>
   </div>
   <div class='ocr_carea' id='block_1_7' title="bbox 316 4017 923 4088">
    <p class='ocr_par' dir='ltr' id='par_1_10' title="bbox 316 4017 923 4088">
     <span class='ocr_line' id='line_1_37' title="bbox 316 4017 923 4088; baseline 0.005 -17"><span class='ocrx_word' id='word_1_307' title='bbox 316 4020 339 4082; x_wconf 90' lang='grc'><strong>1)</strong></span> <span class='ocrx_word' id='word_1_308' title='bbox 357 4017 441 4074; x_wconf 87' lang='lat' dir='ltr'><strong>Uncis</strong></span> <span class='ocrx_word' id='word_1_309' title='bbox 458 4019 565 4075; x_wconf 87' lang='lat' dir='ltr'><strong>inclusa</strong></span> <span class='ocrx_word' id='word_1_310' title='bbox 582 4018 655 4088; x_wconf 87' lang='lat' dir='ltr'><strong>apud</strong></span> <span class='ocrx_word' id='word_1_311' title='bbox 672 4018 799 4075; x_wconf 87' lang='lat' dir='ltr'><strong>Photium</strong></span> <span class='ocrx_word' id='word_1_312' title='bbox 817 4019 923 4075; x_wconf 86' lang='lat' dir='ltr'><strong>desunt.</strong></span> 
     </span>
    </p>
   </div>
   <div class='ocr_carea' id='block_1_8' title="bbox 0 0 1576 4700">
    <p class='ocr_par' dir='ltr' id='par_1_11' title="bbox 0 0 1576 4700">
     <span class='ocr_line' id='line_1_38' title="bbox 0 0 1576 4700; baseline 0 2"><span class='ocrx_word' id='word_1_313' title='bbox 0 0 1576 4700; x_wconf 95' lang='lat' dir='ltr'><strong> </strong></span> 
     </span>
    </p>
   </div>
  </div>
 </body>
</html>
