3142 4700
316 359 491 427 quaestiones
510 358 543 415 ds
560 358 725 441 scholiorum
743 357 979 428 Thucydideorunr
995 358 1126 416 fontibus.
1244 361 1303 419 111

154 551 229 597 num
253 529 314 596 hoc
336 530 481 596 scholion
503 536 667 616 receptum
688 550 761 599 esse·
776 530 884 598 uelim.
921 529 1044 598 Eadem
1060 536 1109 599 est
1124 531 1205 625 natio
1219 534 1305 615 glos·

48 624 49 637 *
85 625 88 629 ’
153 649 208 697 sae
229 629 327 698 Phoci
348 637 532 718 μετρίως·
554 628 592 697 τὸ
617 636 812 718 συμμέτρως
832 630 1049 719 Θουκυδίδης,
1073 653 1210 718 quacum
1232 655 1305 703 con·

48 806 50 835 5
152 734 240 800 uenit
267 733 411 801 scholion
438 734 538 800 Thuc.
559 735 602 799 Π.
624 737 691 800 35.:
723 738 882 818 μετρίως·
912 738 1116 816 συμμέτρως.
1160 734 1305 802 Tertium

48 846 49 849 ’
152 834 245 901 huius
272 835 399 917 generis
427 836 608 920 exemplum
637 835 698 903 hoc
720 834 822 902 addo:
854 835 987 902 Photius
1008 857 1034 904 s.
1049 857 1080 903 ιι.
1104 860 1304 903 νευκατα-

154 934 323 1012 στάτοις
344 929 544 1022 ἀνθρώποις
566 938 650 1024 φησί
667 935 872 1024 Θουκυδίδης
894 929 966 1003 ἇντλ
986 940 1045 1004 τοῦ
1063 940 1181 1004 νεωστὶ
1197 964 1305 1026 κατην-

48 1028 50 1053 ¹
151 1041 329 1120 κισμένοις.
366 1038 456 1118 Quae
470 1039 580 1122 glossa
593 1038 659 1106 iere
674 1038 801 1106 omnino
818 1039 962 1124 congruit
978 1058 1050 1104 cum
1064 1038 1186 1108 scholio
1202 1042 1303 1110 Thac.

48 1192 49 1195 ,
151 1142 288 1207 111.93.:
317 1137 594 1216 νεοκαταστάτσις
617 1131 832 1226 ἀνθρώποις·
862 1133 937 1205 ἀντὶ
964 1143 1024 1205 τοῦ
1053 1142 1173 1207 νεωστί
1195 1167 1303 1229 κατῳ-

48 1314 49 1317 Ὶ
150 1244 320 1322 κισμένοις
349 1241 402 1308 uel
430 1238 676 1328 κατοικήσασιν.
722 1242 802 1308 Cum
830 1240 974 1310 scholion
1003 1263 1044 1310 ux
1072 1243 1187 1312 eodem
1214 1245 1304 1312 fonte

48 1350 49 1385 ³
151 1342 283 1409 fluxisse
311 1347 481 1427 appareat,
511 1361 615 1424 equo
636 1342 770 1409 Photius
799 1342 921 1427 hausit,
950 1343 1031 1410 haeo
1056 1346 1165 1428 glossa
1187 1346 1241 1412 uni
1264 1366 1305 1414 ex

48 1436 49 1443 '
149 1444 214 1510 illis
237 1444 385 1510 allisistis
407 1444 577 1510 tribuenda
598 1449 661 1528 est,
689 1444 878 1528 praesertim
900 1465 971 1511 cum
995 1465 1076 1512 uoce
1097 1446 1155 1513 illa
1176 1454 1305 1532 praeter

150 1545 373 1630 Thucydidem
395 1564 490 1611 nemo
512 1544 678 1611 meliorum
701 1552 881 1630 temporum
903 1546 1039 1631 scriptor
1060 1567 1136 1615 usus
1157 1551 1207 1615 sit.
1252 1551 1304 1614 In-

48 1616 49 1647 *
151 1648 304 1727 tellegere
325 1647 424 1730 igitur
444 1667 507 1713 non
530 1664 628 1728 queo,
651 1667 707 1713 cur
721 1646 917 1714 Schwantnio
946 1646 1027 1715 haec
1052 1649 1161 1732 glossa
1183 1650 1304 1718 minore

48 1802 49 1829 ,
150 1772 223 1819 cum
245 1749 314 1815 ueri
334 1747 551 1830 similitudine,
574 1765 670 1829 quam
692 1748 802 1830 glossa
816 1745 959 1835 κωλύμη,
982 1747 1025 1813 ad
1039 1750 1166 1816 Aelium
1181 1750 1317 1836 Diony-'

48 1936 49 1953 χ
148 1853 232 1919 sium
254 1849 437 1918 reuocanda
458 1849 613 1915 uideatur.

48 1984 49 2015 ι
236 1953 303 2020 Sed
330 1951 374 2018 ad
406 1953 582 2017 litterarum
615 1949 760 2017 ordinem
793 1955 999 2018 reuertamur.
1044 1952 1124 2020 Cum
1153 1952 1195 2021 de
1223 1973 1304 2021 uoce

149 2054 319 2142 κρωβύλος
339 2060 470 2139 propter
491 2053 633 2134 insignes
655 2052 861 2121 difficultates
883 2054 943 2121 sub
970 2054 1066 2122 finem
1088 2055 1183 2121 huius
1205 2055 1302 2141 parti-

48 2216 49 2223 ,
150 2160 245 2226 culae
266 2156 427 2240 agendum
450 2174 521 2222 esse
544 2155 816 2238 constituerimus,
844 2156 910 2223 ianr
939 2156 1167 2223 transeundum
1191 2156 1305 2223 estad

48 2306 49 2335 ι
146 2259 300 2329 Photium
316 2265 348 2324 et
362 2256 497 2325 Suidam
513 2276 538 2323 s.
550 2277 580 2323 u.
595 2254 767 2344 κωλύμη·
790 2256 936 2339 κώλυμα.
953 2255 1105 2334 κώλυσις.
1130 2254 1303 2339 ἐμπόδιον.

48 2393 49 2400 1
147 2359 223 2427 ἐστὶ
247 2360 282 2425 δὲ
304 2355 324 2446 ἡ
349 2358 437 2436 λέξις
454 2357 669 2424 Θουκυδίδου.
706 2360 798 2439 Quae
819 2360 928 2440 glossa
950 2358 993 2426 ad
1007 2360 1107 2425 Thoe.
1120 2361 1144 2425 l.
1158 2362 1210 2425 92.
1232 2378 1303 2443 per-

49 2503 50 2536 r
144 2465 252 2530 tinere
273 2460 415 2540 uidetur,
444 2460 499 2524 ubi
526 2458 588 2524 hoo
608 2458 764 2525 habemus
785 2457 944 2525 scholion:
976 2458 1126 2546 κωλύμη·
1150 2457 1301 2525 κωλύσει.

49 2587 50 2592 ’
145 2563 223 2629 ἰδία
247 2559 282 2625 δὲ
310 2553 330 2645 ἡ
361 2556 447 2636 λέξις
472 2558 686 2624 Θουκυδίδου.
731 2558 811 2625 Cum
839 2560 901 2627 hoc
925 2561 1118 2627 uocabulum
1145 2561 1241 2629 unius
1263 2561 1305 2627 sit

49 2707 50 2726 r
143 2659 368 2747 Thucydidis,
391 2662 429 2726 ci.
445 2660 619 2727 Marcellin.
645 2660 740 2743 552,
762 2680 823 2727 nec
844 2647 958 2745 postea
979 2662 1041 2729 nisi
1063 2662 1151 2748 apud
1173 2663 1302 2746 Thucy-

49 2761 50 2764 ’
146 2763 235 2831 didis
258 2761 434 2829 imitatores
456 2762 653 2847 inueniatur,
675 2763 758 2827 hanc
772 2781 884 2828 uocem
900 2755 1126 2851 ἇττικωτάτην
1141 2765 1174 2830 in
1189 2763 1302 2831 lexicis

49 2913 50 2920 ι
146 2865 363 2934 atticistarum
385 2864 579 2948 explicatam
592 2883 673 2930 esse
695 2863 780 2930 haud
797 2863 895 2930 dubie
916 2864 1084 2948 probabile
1100 2871 1157 2948 est,
1180 2869 1300 2931 etcum

49 2957 51 3012 l
145 2966 284 3035 Photius
312 2962 425 3032 eadem
454 2964 574 3031 haheat
601 2971 698 3048 atque
728 2965 919 3050 scholiasta,
947 2964 1012 3032 iam
1043 2986 1062 3032 c
1090 2964 1300 3050 posteriorum

147 3068 276 3136 offuciis
298 3085 392 3132 uerus
414 3070 525 3131 auctor
554 3069 704 3153 emergit,
725 3067 746 3133 i.
762 3087 791 3133 e.
819 3066 960 3133 atticista
982 3066 1122 3149 quidam.
1167 3065 1239 3145 Qua
1260 3065 1302 3134 de

50 3237 51 3256 ,
149 3189 250 3237 causa
271 3165 402 3251 egregia
424 3168 648 3237 emendatione
669 3169 748 3234 mihi
769 3168 896 3236 uidetur
910 3169 1054 3252 'Poupius
1075 3169 1217 3253 glossam
1237 3167 1301 3234 He

148 3270 338 3356 sychianam
360 3266 510 3355 κωλύμη·
540 3267 705 3357 μεμφιύδη
731 3271 766 3335 in
786 3267 936 3355 κωλύμη·
966 3266 1129 3351 ἐμπόδιον
1152 3276 1302 3336 mutasse.

235 3370 385 3438 Glossam
406 3369 597 3437 Photianam
619 3390 644 3437 s.
659 3392 690 3438 ιι.
715 3371 929 3457 λαμπρῶς·
963 3367 1001 3436 τὸ
1026 3372 1180 3457 φανερῶς
1202 3363 1240 3435 ού
1262 3368 1300 3436 τὸ

149 3471 301 3550 ἐνδόξως.
333 3473 390 3537 καί
417 3468 511 3558 παρὰ
536 3470 720 3558 Θουκυδίδῃ
744 3475 822 3550 „sol
844 3472 1028 3554 λελυμένων
1051 3472 1214 3559 λαμπρῶς
1235 3475 1303 3537 τῶν

151 3574 337 3641 σπυνδῶν“.
366 3575 423 3638 καί
445 3564 528 3659 παρ’
555 3564 670 3650 ἄλλοις
690 3585 762 3651 τοῖς
784 3574 947 3649 παλαιοῖς
968 3572 1078 3656 (quam
1101 3573 1219 3641 Suidas
1246 3594 1302 3641 ex·

150 3677 276 3761 scripsit
308 3675 379 3742 loco
407 3673 545 3766 Procopi
573 3673 699 3760 addito)
728 3674 793 3742 iam
821 3674 1023 3759 Goslingsins
1049 3696 1081 3760 p.
1099 3680 1151 3744 44.
1180 3674 1300 3761 optime

151 3776 333 3846 obseruauit
354 3796 528 3862 congruere
549 3796 621 3844 cum
649 3776 772 3844 scholio
795 3777 895 3844 Thac.
911 3778 952 3844 Π.
969 3783 1012 3861 7.,
1040 3777 1096 3843 ubi
1119 3776 1298 3860 λαμπρῶς·

51 3933 52 3938 ,
151 3881 304 3967 φανερῶς
319 3877 504 3964 explicatur.
541 3879 578 3945 In
601 3878 715 3946 ceteris
736 3878 851 3946 lexicis
865 3878 946 3945 nihil
960 3879 1065 3945 simile
1079 3876 1197 3943 inueni.
1230 3876 1301 3944 Nec

150 3982 253 4049 minus
282 3980 350 4047 uiro
379 3979 429 4046 illi
457 3978 641 4048 doctissimo
671 3980 908 4048 assentiendum
941 3987 1005 4064 est,
1039 3977 1125 4060 quod
1155 3979 1296 4061 glossam

150 4082 245 4150 Photi
277 4080 323 4164 (et
351 4081 485 4166 Surdae)
513 4079 676 4165 μάλιστα·
714 4078 752 4162 τὸ
782 4078 930 4164 μάλιστα
960 4073 1035 4146 ἀντὶ
1064 4081 1124 4144 τοῦ
1155 4070 1300 4167 ἀκριβῶς
