3142 4700
296 276 473 360 Quaestiones
491 290 524 379 ds
541 290 706 346 scholiorum
726 288 962 359 Thucydideorum
979 288 1108 343 lontibus.
1239 289 1278 346 93

131 465 269 532 ueniant.
307 461 455 549 Exempli
478 484 575 530 causa
591 482 717 548 appono
732 461 876 529 scholion
891 462 991 528 Thuc.
1002 461 1043 527 II.
1056 464 1107 526 49.
1128 458 1279 548 βράγχος]

133 566 260 655 νόσημά
281 592 316 632 τι
343 569 410 631 crdo
439 563 472 630 ἒν
494 567 542 649 τῷ
572 562 702 647 σώματι
723 568 923 649 γιγνομένων
945 564 1023 648 περὶ
1053 559 1110 628 τὸν
1131 561 1279 650 βρόγχον,

134 689 216 752 quae
244 670 287 736 ad
316 670 449 735 uerbum
476 666 563 751 apud
584 667 781 751 Hesychium
811 672 995 752 repetuntur
1022 671 1054 731 et
1075 664 1281 733 uehementer

132 770 309 854 deprauata
336 771 369 835 in
392 771 497 854 Etym.
519 771 603 853 Mag.
626 789 657 851 p.
670 773 742 834 211.
786 769 826 835 Id
853 769 948 853 igitur
976 768 1005 833 si
1026 767 1189 852 Hesychio
1217 788 1281 834 non

133 872 283 956 debetur,
306 872 425 957 pariter
446 877 543 952 atque
564 871 650 936 illius
671 871 781 954 glossa
803 869 846 937 ad
868 871 987 936 fontem
1013 870 1177 953 antiquum
1198 870 1280 936 refe-

132 974 265 1041 rendum
289 974 364 1056 erit,
395 994 498 1057 equo
520 963 655 1039 fortasse
684 973 782 1060 etiam
805 969 1072 1055 oetcra‘scholia,
1103 991 1186 1054 quae
1207 978 1281 1038 sunt

132 1075 174 1143 de
201 1085 308 1159 peste,
339 1073 558 1140 crudelissima
587 1074 644 1139 illa
664 1075 862 1142 Athenarum
884 1074 1055 1140 uastatrice
1077 1074 1117 1141 11.
1133 1077 1184 1139 48.
1199 1092 1280 1157 sqq,

131 1177 299 1245 fluxerunt.
343 1177 498 1244 Alterum·
522 1177 704 1261 exemplum
733 1182 782 1243 est
809 1197 874 1242 uox
907 1176 964 1241 illa
996 1197 1069 1242 rara
1103 1167 1280 1241 ἆπιάλλειν

132 1280 171 1345 V.
184 1283 244 1363 77,
267 1299 362 1361 quam
385 1277 559 1344 scholiasta
579 1279 676 1345 uerbo
692 1276 900 1361 ἐπιπέμπειν
916 1278 1063 1362 explicat.
1100 1277 1281 1363 Hesychius

133 1388 255 1465 autem,
287 1381 341 1464 qui
371 1382 458 1448 solus
487 1386 614 1464 praeter
635 1380 858 1465 Thucydidem
888 1378 971 1446 hano
999 1402 1112 1448 uocem
1140 1379 1280 1463 exhibet,

120 1476 301 1561 ’ἆπιαλεῑς.
325 1476 546 1566 ἀποπέμψεις
568 1483 715 1568 praehet,
736 1490 772 1550 ut
793 1490 962 1566 utramque
980 1482 1224 1567 explicationem
1240 1502 1281 1548 ex

133 1585 246 1655 eadem
268 1588 377 1673 glossa
399 1585 578 1668 antiquiore
595 1585 728 1670 petitam
751 1605 821 1653 csse
844 1574 965 1653 credas.
1003 1585 1118 1652 Cetera
1132 1585 1281 1669 exempla

133 1688 215 1754 infra
237 1709 407 1773 apponam.
445 1686 699 1754 Schmidtianum
720 1693 828 1754 tamen
843 1686 999 1772 Hesychii
1019 1686 1158 1753 indicem
1180 1685 1208 1751 si
1225 1685 1279 1751 ad-

132 1790 218 1874 ieris,
241 1790 416 1875 permultos
439 1790 526 1856 locos
542 1789 769 1874 Thucydideos
788 1789 937 1856 laudatos
951 1788 1111 1873 inuenies,
1132 1794 1169 1854 ut
1189 1788 1280 1854 mire·

134 1892 193 1976 ris,
224 1913 280 1958 cur
306 1897 372 1957 tam
394 1910 513 1974 paucos
535 1890 629 1974 'locos
657 1910 830 1975 congruere
852 1889 965 1957 dicam.
1011 1889 1076 1958 Sed
1102 1890 1180 1956 mihi
1202 1889 1282 1956 haec

134 1994 270 2076 uestigia
292 1994 400 2061 omnia
422 1993 633 2078 perscrutanti
654 1993 842 2078 saepissime
864 1992 997 2078 accidit,
1019 1999 1054 2059 ut
1075 1993 1178 2076 locos,
1201 2011 1281 2074 quos

133 2097 182 2161 uir
204 2096 405 2164 doctissimus
427 2096 470 2162 ad
492 2095 714 2181 Thucydidem
736 2094 875 2178 rettulit,
897 2095 941 2160 ad
961 2095 1062 2179 illum,
1085 2116 1157 2162 cum
1179 2095 1282 2162 omnis

133 2198 263 2265 abesset
283 2197 509 2293 probabilitas,
533 2199 660 2265 omnino
682 2220 745 2265 non
768 2217 839 2266 csse
861 2196 1044 2265 referendos
1066 2197 1216 2265 uiderem.

218 2302 361 2369 Transeo
383 2300 481 2385 igitur
501 2300 544 2366 ad
558 2300 761 2385 Photium,
784 2300 874 2367 cuius
896 2300 1023 2367 lexicon
1043 2299 1077 2365 in
1092 2298 1203 2367 codice
1218 2299 1280 2366 Ga-

133 2402 227 2469 leano
260 2404 400 2469 lacerum
429 2407 461 2470 et
492 2402 764 2486 corruptissimum
795 2401 946 2469 traditum
976 2408 1035 2468 est.
1077 2400 1192 2468 Photio
1220 2402 1282 2468 soli

133 2505 255 2569 nullum
278 2503 422 2570 scholion
444 2503 615 2586 debemus,
644 2503 720 2584 qnia
741 2505 809 2570 fere
831 2503 938 2571 omnia
966 2503 1080 2570 eadem
1101 2502 1189 2589 apud
1211 2502 1280 2570 Sui-

134 2605 210 2671 dam
232 2606 393 2689 leguntur,
417 2623 512 2686 quem
530 2604 681 2671 Photium
703 2605 755 2673 uel
777 2605 882 2689 potius
897 2599 1006 2672 'fontes
1027 2604 1114 2672 illius
1135 2606 1167 2670 in
1189 2626 1282 2673 sunm

134 2727 214 2792 opus
245 2726 348 2792 paene
375 2713 460 2774 totos
488 2706 697 2774 transfudisse
724 2712 970 2774 consentaneum
999 2711 1057 2774 est.
1101 2704 1138 2772 Si
1159 2707 1282 2774 scholia

134 2807 348 2894 Thucydidea
370 2809 455 2894 apud
470 2807 619 2878 Photium
641 2808 859 2893 inueniuntur,
882 2809 939 2875 ille
960 2827 1064 2891 acque
1085 2814 1182 2890 atque
1204 2808 1280 2893 Ety-

134 2910 325 2994 mologicum
340 2911 491 2997 Magnum
514 2918 546 2979 et
564 2912 797 2998 Harpocration
820 2921 853 2979 et
874 2916 979 2979 cetera
1001 2911 1105 2979 lexioa
1126 2911 1281 2978 breuioris

131 3013 239 3097 spatii,
262 3033 345 3098 quae
359 3015 499 3099 Bekker,
522 3013 662 3102 Cramer,
683 3016 739 3082 alii
760 3013 937 3098 ediderunt,
959 3035 1023 3081 non
1038 3035 1056 3082 e
1071 3012 1181 3081 codice
1195 3012 1291 3080 Thu·-

134 3114 270 3198 oydideo
294 3137 333 3183 ea
353 3117 482 3209 petiuit,
505 3115 563 3184 sed
585 3136 605 3182 a
626 3116 713 3183 fonte
735 3116 927 3201 antiquiore,
956 3138 976 3184 a
998 3137 1061 3199 quo
1083 3116 1150 3182 iure
1172 3135 1281 3181 omnes

135 3235 196 3284 cos⁴
213 3217 301 3284 locos
322 3218 475 3301 repetitos
498 3235 569 3285 esso
584 3216 741 3301 dicemus,
765 3218 880 3300 quibus
895 3218 1001 3285 lexica
1015 3223 1048 3284 et
1062 3216 1186 3283 scholia
1199 3217 1282 3283 inter

134 3339 170 3386 se
191 3323 369 3387 consentire
391 3318 640 3401 cognouerimus.

218 3422 330 3509 Longe
351 3421 445 3486 aliter
466 3439 517 3485 res
545 3420 714 3503 sehabet,
744 3420 772 3486 si
795 3419 961 3486 Suidam
983 3420 1217 3505 examinamus,
1240 3421 1281 3488 de

135 3542 199 3604 quo
221 3523 302 3588 duas
324 3543 375 3592 res
396 3529 472 3588 ante
493 3521 602 3588 omnia
623 3521 720 3588 uelim
742 3520 995 3588 animaduertes:

224 3628 250 3688 1.
274 3624 437 3690 Permulta
466 3644 507 3690 ex
536 3623 769 3708 antiquioribus
790 3623 918 3708 lexicis,
949 3643 1032 3709 quae
1053 3622 1280 3709 Thucydideas

134 3725 413 3811 grammaticorum
435 3727 559 3809 glossas
581 3725 795 3809 tradiderunt,
823 3746 928 3808 neque
955 3732 1063 3793 tamen
1084 3726 1117 3792 in
1139 3724 1280 3810 scholiis,

135 3848 218 3910 quac
240 3826 336 3893 hodie
359 3832 502 3909 exstant,
532 3818 702 3903 αἰπολεξεί
723 3828 885 3913 exscripta
906 3834 995 3910 sunt,
1024 3829 1128 3896 lexico
1155 3845 1212 3892 suo
1234 3827 1279 3892 in-

134 3931 245 3998 texuit.
291 3928 361 3995 Hoc
381 3930 452 3996 loco
481 3928 671 3995 monendum
701 3930 827 3999 uidetur
853 3929 1027 3996 uerisimile
1053 3925 1125 3995 ‘esse
1148 3927 1281 3995 Suidam

133 4032 262 4118 saepius
284 4031 432 4098 Photium
461 4051 525 4097 non
554 4030 658 4114 ipsum
687 4032 910 4117 exscripsisse,
938 4028 996 4110 sed
1025 4030 1111 4097 illius
1133 4037 1281 4099 auctores
