3142 4700
323 289 499 358 donationes
516 290 550 345 de
562 289 731 367 ‚scholiorum
747 289 983 361 Thucydideorum
998 290 1129 347 fontibus.
1246 292 1306 351 119

244 460 395 545 Sequitur
408 461 497 530 loeus
512 461 621 528 Photi:
643 456 879 549 προῦχοντα
902 463 1105 551 προέβαίον·
1129 456 1234 541 οὕτως
1252 467 1308 530 καί

159 562 364 652 Θονκυδίδης
386 561 546 653 ἐχρήσατο
569 561 603 629 ἐν
625 562 741 652 πρώτῃ
765 565 921 653 ἱστοριῶν
944 567 1047 651 λέγων
1068 565 1120 644 ,si
1134 564 1172 632 τδ
1188 572 1307 652 Μεγα-

157 670 242 753 ρέων
270 664 433 754 ψήφισμα
462 664 507 753 μὴ
540 666 757 749 καθέλοιμεν,
791 658 876 755 ὅπερ
907 666 1054 751 μάλιστα
1082 662 1306 755 προδχονται“

159 760 234 833 ἀντὶ
255 770 314 833 τοῦ
336 766 580 855 προβάλλουσι,
603 773 846 855 προτείνουσιν.
891 771 994 838 Locos
1010 770 1238 856 Thucydideus
1259 771 1306 837 in·

156 870 283 937 uenitur
308 873 439 953 1.140.,
468 871 523 937 ubi
550 871 705 938 habemus
732 872 875 939 scholion
904 866 1122 959 προδχονται·
1156 871 1306 961 προβάλ-

158 971 283 1036 λονται.
329 971 457 1060 Optimo
479 972 578 1057 igitur
598 974 666 1040 inre
687 974 746 1041 has
769 973 850 1040 duas
871 975 995 1056 glossas
1017 975 1100 1042 inter
1120 995 1155 1042 se
1178 977 1306 1043 eoniun·

156 1093 270 1158 gemus
292 1079 325 1139 et
346 1094 417 1140 oum
433 1075 598 1159 permultis
613 1076 692 1142 loeis
709 1075 832 1142 seholia
846 1075 1057 1161 Thucydides
1071 1083 1220 1163 corrupta
1233 1097 1306 1146 esse

156 1176 311 1260 seiamus,
345 1167 408 1242 non
437 1176 563 1259 dubito,
598 1177 675 1260 quin
705 1198 763 1262 pro
793 1174 1043 1264 προβάλλονται
1070 1180 1177 1246 aetina
1203 1182 1306 1246 forma

155 1276 353 1345 restituenda
380 1279 437 1361 sit,
466 1278 655 1363 praesertim
684 1298 754 1344 oum
783 1280 880 1347 oeteri
909 1287 1055 1347 auctores
1083 1301 1194 1348 omnes
1214 1282 1305 1348 illam

155 1381 293 1446 formam
325 1379 507 1463 praebeant.
557 1379 636 1447 Cum
665 1380 797 1464 Photio,
831 1379 965 1465 Suidae,
998 1382 1192 1450 scholiastae
1223 1383 1307 1452 hano

154 1481 299 1565 glossam
323 1500 523 1548 communem
545 1501 617 1548 esse
637 1482 907 1566 intellexerimus,
930 1503 1007 1550 sane
1028 1485 1195 1568 miramur,
1219 1487 1305 1568 quod

154 1583 198 1650 M.
228 1582 422 1650 Schmidtins
452 1582 594 1668 Hesyehi
626 1584 767 1667 glossam
796 1573 1014 1670 προδχονται·
1048 1583 1235 1667 ἐνδέχονται
1262 1588 1305 1653 ad

155 1686 241 1752 hune
263 1686 366 1753 looum
389 1687 603 1772 reuocauerit,
633 1706 704 1753 oum
734 1683 930 1767 ἐνδέχεσθαι
951 1707 1016 1753 non
1036 1686 1122 1754 idem
1145 1688 1186 1754 sit
1206 1695 1305 1771 atque

156 1793 399 1873 ,praetexere“,
421 1788 480 1855 sed
502 1787 608 1873 potius
630 1788 1046 1872 ,permitteretsignitioet

241 1889 337 1975 Apud
365 1889 493 1958 Aelium
522 1890 713 1974 Dionysium
740 1893 860 1975 p.132.
895 1889 945 1957 od.
975 1888 1148 1958 Schwartz.
1176 1892 1258 1960 haee
1285 1913 1304 1960 e

153 1991 270 2061 Photio
286 1998 318 2059 et
332 1992 475 2059 Bekkeri
489 1991 608 2059 Aneed.
627 2014 659 2079 p.
674 1994 745 2059 388.
768 1996 898 2058 enotata
918 2001 1005 2059 sunt:
1028 1992 1165 2080 ῥαχίαν
1180 1993 1213 2060 οἱ
1228 1985 1304 2059 Ἀτ-

153 2096 242 2160 τικοὶ
270 2095 327 2159 καὶ
356 2090 415 2181 τὴν
435 2086 553 2182 Ἀκτὴν
581 2096 636 2161 καί
664 2092 722 2160 τὸν
750 2091 857 2160 τόπον
886 2086 1000 2175 αὐτόν,
1030 2087 1060 2180 ᾦ
1081 2094 1305 2183 προςαράττει

154 2199 251 2280 κῦμα.
269 2197 329 2280 Ικαὶ
347 2196 566 2286 Θονκυδίδης·
591 2198 624 2264 οἱ
647 2196 683 2264 δὲ
696 2189 806 2272 Ἴωνες
819 2194 883 2262 aci.
921 2195 1092 2283 Respicere
1113 2197 1241 2265 uidetur
1262 2198 1305 2263 ad
1426 2244 1433 2255 -

154 2300 256 2368 Thur.
266 2300 320 2367 IV.
336 2303 393 2385 10,
415 2299 472 2366 ubi
493 2301 555 2369 hoe
576 2300 720 2369 soholion
742 2304 863 2383 exstat,
887 2299 973 2381 quod
994 2298 1059 2366 iam
1076 2301 1304 2385 perseipsum

153 2403 285 2471 maioris
305 2402 505 2483 antiquitatis
527 2403 709 2486 opinionem
730 2402 878 2488 praebet:
901 2396 960 2487 τὴν
983 2398 1111 2486 ῥαχίαν]
1134 2392 1187 2466 ὅτι
1205 2400 1303 2487 ῥαχία

152 2502 227 2570 ἐστὶ
249 2501 423 2589 πετρώδης
444 2502 563 2583 τόπος,
586 2505 665 2589 περί
688 2500 726 2568 ὃν
748 2499 1005 2589 περιρρήγνυται
1027 2495 1047 2587 ἡ
1064 2499 1226 2567 θάλασσα
1248 2505 1304 2569 καί

151 2601 323 2672 dalaias
350 2606 406 2669 καὶ
434 2599 453 2692 ἡ
482 2607 542 2692 τῆς
562 2603 739 2692 θαλάσσης
766 2598 862 2690 ὁρμή.
896 2594 979 2668 ὅθεν
1007 2604 1061 2667 καὶ
1090 2601 1127 2668 τδ
1157 2597 1304 2680 ὀστῶδες
1390 2608 1393 2617 ’

152 2704 274 2773 νώτιον
289 2703 382 2793 ῥάχις
396 2705 560 2786 καλεῖται,
584 2700 630 2781 aig
652 2698 720 2772 ἆπδ
744 2708 803 2793 τῆς
825 2704 943 2792 ῥαχίας
964 2706 1022 2791 τῆς
1040 2708 1175 2791 πέτρας.
1211 2705 1301 2774 Idem

152 2810 222 2877 fere
244 2809 389 2876 uidemus
404 2807 549 2875 soholion
563 2808 725 2875 continere
742 2814 840 2889 atque
854 2807 995 2889 glossam
1009 2807 1114 2890 Photi,
1138 2828 1234 2891 quam
1250 2810 1301 2874 uel

152 2932 213 2998 per
234 2930 269 2977 se
295 2909 443 2977 allisistis
470 2910 717 2977 adscribendam
744 2928 817 2975 esse
839 2907 1038 2993 Goslingsius
1060 2931 1090 2994 p.
1103 2913 1154 2977 23.
1183 2910 1303 2995 optime

154 3013 392 3080 demonstrauit.
430 3012 536 3079 Verba
554 3017 681 3078 tantum
702 3012 799 3096 paulo
821 3010 903 3077 inter
923 3032 959 3078 se
981 3011 1170 3097 discrepant.
1209 3012 1302 3078 Pror-

152 3136 208 3183 sus
230 3116 337 3183 aliena
358 3135 434 3181 uero
448 3116 569 3199 profert
583 3115 687 3198 Etym.
704 3113 809 3197 Magn.
827 3134 858 3198 p.
871 3116 943 3196 702,
956 3117 1017 3194 54,
1039 3132 1122 3195 quae
1144 3113 1302 3180 nonnullis

31 3299 33 3304 Ι
152 3218 236 3285 loeis
257 3216 440 3304 conspirant
461 3237 533 3283 eum
548 3213 710 3300 Hesyehio
725 3235 750 3281 s.
766 3236 797 3281 u.
821 3214 929 3302 ῥαχία,
952 3213 1055 3302 ῥάχις.
1091 3215 1198 3281 Primo
1216 3213 1301 3280 enim

152 3321 226 3387 looo
241 3319 362 3405 profert
376 3317 588 3404 etymologias
602 3317 738 3400 ineptas,
753 3315 870 3383 deinde
885 3317 1027 3398 sequitur
1041 3315 1172 3399 majoris
1185 3313 1302 3381 aetatis

153 3424 278 3507 glossa,
301 3441 395 3503 quam
418 3429 586 3505 perperam
609 3417 778 3502 exscripsit
792 3414 966 3501 (Euripidis
989 3417 1123 3484 Heouba
1143 3415 1301 3500 laudatur,

154 3545 227 3591 oum
254 3525 343 3590 loeus
371 3541 484 3589 reuera
512 3520 555 3588 ad
583 3519 746 3586 Troadum
772 3537 900 3584 uersum
915 3522 983 3586 117.
1013 3509 1199 3585 referendus
1228 3517 1301 3601 sit);

153 3633 222 3692 tum
250 3623 329 3691 dioit
355 3609 410 3689 ναί
439 3619 499 3687 ἐπὶ
528 3621 658 3706 σώματι
686 3641 729 3688 so.
751 3640 864 3688 uoeem
886 3619 1002 3706 ῥαχίαν
1025 3619 1186 3704 adhiberi,
1216 3619 1302 3703 quod

154 3750 227 3795 oum
249 3727 371 3795 seholio
393 3730 500 3792 nostro
522 3744 652 3809 prorsus
673 3721 836 3805 oonuenit,
857 3728 1017 3807 postremo
1039 3722 1154 3788 iterum
1175 3719 1219 3786 ad
1233 3725 1299 3802 ety-
1337 3724 1340 3728 ’

153 3830 328 3915 mologiam
342 3829 522 3894 abstrusam
537 3826 714 3893 reuertitur.
746 3826 859 3907 ltaque
875 3846 938 3892 non
952 3824 995 3890 ad
1010 3822 1140 3890 eosdem
1155 3826 1301 3886 auetores

152 3934 213 4000 illa
241 3930 405 3999 adnotatio
435 3927 601 3995 referenda
629 3934 677 3993 est
704 3933 802 4010 atque
830 3926 973 3995 soholion
1001 3931 1033 3989 et
1059 3925 1168 4006 glossa
1195 3920 1299 4004 Photi,

153 4037 174 4102 i.
190 4056 219 4103 e.
234 4035 279 4102 ad
299 4031 456 4100 attieistas
478 4028 627 4114 (quorum
642 4029 741 4095 uerba
762 4049 827 4095 non
847 4029 909 4112 ita,
930 4033 966 4093 ut
981 4022 1194 4093 Schwartnius
1215 4021 1299 4105 feeit,
