3142 4700
365 303 542 372 Quaestiones
560 303 594 358 de
611 303 775 359 scholiorum
794 303 1028 375 Thucydideorum
1042 305 1174 363 lontibus.
1206 360 1209 374 ,
1290 307 1349 364 131

203 475 239 540 δὲ
260 468 461 563 Κερκυραῖοι
489 473 642 563 ἐνίκησαν
664 471 761 562 παρὰ,
781 475 878 542 πολύ.
923 476 1039 544 Glosse
1053 480 1097 543 λα
1130 475 1225 563 παρὰ
1247 476 1351 543 πολύ·

203 570 277 643 άντλ
291 580 351 642 τοῦ
366 575 466 643 πάνυ.
482 578 664 652 παντελῶς.
687 575 866 655 Δέξιππος
877 577 922 664 (p.
930 583 980 644 34.
991 579 1043 645 ed.
1056 578 1225 663 Niebuhr.)
1237 577 1352 666 „munci

202 677 289 745 πολύ
313 672 537 745 ἀπελείποντο
559 682 619 744 τού
640 683 833 745 πείθεσθαι
859 692 938 767 τοῖς
953 679 1194 769 εἰςηνουμένοις
1216 676 1353 768 ἡσυχίαν

204 781 410 867 αἱρεῖσθαι.“
453 775 697 870 Ἀριστοφάνης
718 781 862 869 Πλούτῳ
883 781 1025 868 (elib.)
1047 781 1236 850 δεινότατον
1259 782 1353 871 ἐ’ρχον

202 880 296 970 παρὰ
319 880 416 948 πολύ.
448 876 522 949 άντὶ
544 887 603 949 τού
625 881 714 948 πάνυ
736 882 835 951 πολύ.

288 979 359 1053 Hac
381 984 509 1067 quidem
532 988 660 1067 glossae
681 1007 739 1070 per
766 1005 802 1052 se
823 986 903 1052 nihil
926 988 1034 1054 ualent
1055 988 1098 1053 ad
1122 981 1217 1054 huius
1238 986 1353 1053 scholii

203 1095 366 1155 auctorem
387 1087 612 1170 indagandum.
650 1087 717 1153 Sed
738 1087 842 1154 lexico
864 1087 961 1153 alicui
982 1089 1122 1169 glossam
1137 1087 1248 1155 deberi
1263 1088 1351 1155 uide-

204 1189 269 1272 bis,
290 1189 318 1256 si
333 1189 452 1255 adieris
467 1189 611 1257 scholion
624 1189 667 1256 ad
681 1190 843 1276 Aristoph.
859 1191 943 1256 Plut.
954 1212 985 1256 u.
999 1195 1086 1257 445.;
1108 1189 1214 1273 παρὰ
1237 1190 1351 1279 πολύ·

202 1288 286 1357 κατὰ
308 1289 407 1355 πολύ.
432 1289 574 1378 σφόδρα.
613 1290 817 1378 Θουκυδίδης
839 1289 873 1357 ἐν
895 1289 1036 1379 πρώτῳ·
1067 1295 1123 1358 καὶ
1146 1290 1298 1380 ἐνίκησαν
1320 1293 1353 1359 οἱ

202 1399 403 1480 Κερκυραῖοι
424 1390 519 1480 παρὰ
542 1391 649 1458 πολύ
673 1391 768 1480 παρὰ
796 1390 885 1459 πολύ
907 1386 981 1459 άντὶ
1003 1397 1063 1460 τού
1084 1393 1174 1460 πάνυ
1195 1394 1297 1476 πολύ,
1321 1401 1354 1461 ei

202 1497 329 1579 planius
362 1495 460 1562 eliam
493 1495 648 1579 originem
682 1496 852 1579 intelleges
885 1497 1002 1563 collato
1034 1496 1156 1564 scholio
1186 1497 1352 1564 Demosth.

202 1598 305 1664 XXII.
318 1601 363 1663 3.:
385 1594 491 1679 παρὰ
512 1594 659 1684 μικρόν]
676 1603 878 1686 σημειωτέον
891 1595 951 1686 τὴν
967 1596 1071 1678 λέξιν,
1094 1590 1148 1664 ύτι
1163 1596 1249 1686 ζήλῳ
1266 1601 1353 1663 Θου-

202 1699 337 1765 κυδίδου
365 1703 659 1787 μετερρύθμίσθη·
693 1692 842 1791 κάκεῖνος
870 1696 932 1786 γὰρ
959 1695 1062 1764 εἶπεν.
1085 1696 1237 1786 ἐνίκησαν
1258 1697 1353 1787 παρὰ

204 1794 279 1868 ἀντὶ
301 1804 360 1866 τοῦ
382 1798 466 1866 κατὰ
488 1799 586 1866 πολύ.
623 1803 708 1868 Nam
727 1821 799 1868 oum
814 1821 954 1887 semper,
977 1802 1005 1867 si
1026 1799 1149 1868 scholia
1164 1802 1352 1870 Demosthe·

204 1904 278 1970 nica
294 1902 462 1970 concinunt
476 1924 547 1970 cum
563 1902 794 1989 Thucydideis,
817 1902 973 1969 consistas
988 1908 1133 1970 auctores
1150 1904 1249 1970 inisse
1264 1903 1358 1972 uide·-

204 2006 319 2090 rimus,
342 2006 404 2073 hoc
425 2006 522 2072 etiam
543 2006 712 2073 frustulum
726 2005 767 2071 iis
781 2004 918 2073 reddere
932 2026 996 2072 non
1011 2005 1238 2073 dubitabimus.
1273 2007 1353 2073 For·

203 2114 290 2175 tasse
322 2108 438 2191 glossis
464 2107 531 2173 illis
563 2106 718 2173 adhibitis
745 2108 850 2174 locum
880 2108 1039 2189 quendam
1066 2108 1223 2192 Hesycbi‚
1258 2127 1352 2190 quem

204 2209 403 2295 potissimum
423 2228 493 2277 esse
508 2229 683 2291 censerem,
705 2208 765 2274 nisi
788 2215 954 2293 corruptus
969 2214 1071 2291 esset,
1094 2209 1251 2290 corrigere
1266 2208 1352 2275 licet.

203 2312 262 2379 Est
284 2313 367 2379 enim
383 2312 415 2378 in
430 2311 541 2379 codiee
554 2311 732 2378 Marciano:
754 2308 848 2396 παρὰ
863 2308 962 2375 πολύ.
984 2307 1084 2389 πολύ,
1106 2311 1163 2378 ubi
1184 2318 1259 2377 aute
1274 2312 1351 2379 alte-

202 2432 271 2480 rum
294 2412 382 2477 πολύ
403 2414 498 2480 uelim
519 2414 643 2480 inseras
664 2411 748 2476 κατά
769 2414 823 2479 uel
845 2410 944 2478 πάνυ.

287 2514 484 2582 sudasse
507 2515 831 2602 προϊσχομένου·
854 2518 1092 2606 προτείνοντος
1111 2515 1259 2581 conuenit
1281 2535 1353 2582 eum

201 2617 325 2684 scholio
342 2616 558 2685 Thasius:
579 2615 835 2704 προϊσχόμενοι·
858 2622 1089 2704 προτείνοντες
1110 2622 1142 2683 et
1164 2619 1352 2700 eumHesy·

203 2719 275 2786 chio
295 2724 553 2802 προϊσχομένου·
576 2725 813 2807 προτείνοντος
827 2731 932 2805 χεῖρα,
951 2717 1079 2784 δίκαιον
1092 2717 1352 2804 προβάλλοντος,

204 2822 320 2905 quibus
342 2822 534 2907 comparatis
555 2823 621 2888 iam
643 2821 750 2905 uides,
774 2818 852 2903 quid
873 2826 1033 2902 sequatur.
1070 2821 1173 2886 Locus
1195 2820 1352 2905 Eustathi,

203 2944 298 3008 quem
320 2925 496 2993 Schoenius
518 2925 539 2991 l.
555 2926 575 2991 l.
599 2930 713 2992 testem
735 2921 855 3007 adfert,
878 2922 951 2990 ideo
973 2922 1098 2990 alienus
1120 2928 1186 3007 est,
1208 2924 1284 3008 quia
1305 2922 1351 2988 ibi

203 3047 268 3094 nox
289 3028 419 3113 propria
440 3032 675 3115 προτείνοντος
697 3025 906 3093 desideratur.
943 3026 993 3092 De
1015 3024 1101 3091 illius
1115 3024 1212 3109 igitur
1227 3024 1350 3110 origine

203 3133 322 3195 certum
346 3130 515 3213 quicquam
537 3127 725 3197 concludere
747 3130 923 3210 nequimus.

288 3232 339 3296 De
360 3250 440 3297 uoce
464 3229 672 3317 associatos
693 3231 759 3295 iam
780 3228 1074 3315 supradisputaui,
1097 3249 1169 3294 cum
1192 3226 1233 3293 de
1251 3227 1353 3294 Suida

203 3353 235 3416 p.
252 3335 303 3397 94.
332 3352 533 3418 exponerem.
577 3333 670 3398 Nunc
697 3351 749 3398 me
779 3331 1068 3398 demonstraturum
1101 3348 1171 3395 esse
1199 3349 1292 3416 spero
1321 3334 1353 3396 et

203 3434 347 3501 scholion
369 3440 402 3502 et
423 3437 564 3516 glossam
585 3454 627 3500 ex
648 3431 860 3498 atticistarum
882 3430 996 3498 lexicis
1010 3431 1112 3516 petita
1127 3450 1207 3498 esse.
1245 3430 1352 3498 Schol.

203 3536 302 3603 Theo.
315 3537 356 3603 H.
370 3541 414 3603 4.;
448 3541 612 3623 στυρακίῳ
636 3534 672 3600 δὲ
690 3531 897 3622 χρησάμενος
919 3530 953 3610 ἒς
973 3530 1032 3598 τὸν
1044 3531 1186 3615 μυχῶν]
1207 3531 1353 3616 βάλανος

203 3636 240 3702 δέ
262 3636 333 3703 ἐστι
360 3635 398 3703 τὸ
426 3636 630 3722 βαλλόμενον
653 3635 701 3714 εἰς
722 3633 780 3702 τὸν
802 3633 924 3718 μοχλὸν
953 3633 1120 3723 σιδήριον,
1149 3632 1167 3699 ὃ
1190 3623 1353 3716 καλοῦμεν

202 3738 384 3825 μάγγανον,
418 3731 502 3805 ὅθεν
531 3742 589 3806 καὶ
616 3735 636 3827 ἡ
665 3740 752 3816 κλεὶς
783 3738 934 3805 καλεῖται
964 3736 1158 3823 βαλανάγρα
1190 3732 1285 3821 παρὰ
1313 3733 1351 3800 τὸ

203 3835 353 3930 ἀγρεύειν
373 3839 432 3907 τὸν
451 3840 607 3926 βάλανον.
638 3836 736 3906 ἄλλοι
758 3839 795 3906 δὲ
815 3839 853 3907 τὸ
878 3838 1053 3927 στυράκιον
1068 3838 1188 3922 ἔλαβον
1202 3835 1239 3903 τὸ
1257 3835 1354 3914 ξύλον

201 3948 262 4011 τού
284 3937 453 4024 άκοντίου,
477 3936 639 4030 άνοήτως·
662 3945 732 4008 πάν
753 3942 814 4026 μὲν
835 3940 898 4030 γὰρ
921 3935 979 4008 ούκ
1000 3939 1136 4006 ἐδύνατο
1150 3942 1353 4027 κρυφθῆναι.

203 4047 233 4113 εἰ
256 4046 291 4112 δὲ
314 4041 501 4134 ὑπερεῖχεν,
531 4037 732 4132 ἀνεσπάσθη
757 4032 797 4110 ob
820 4040 886 4109 ύπύ
917 4046 983 4109 τῶν
1008 4046 1176 4130 Θηβαίων.
1212 4035 1353 4118 Ἄλλως·
1435 4070 1445 4082 r

1111 4142 1151 4198 9*
