3142 4700
288 350 350 426 114
405 288 419 309 .
651 335 653 340 ’
724 345 858 400 Emestus
876 344 1006 403 Schwabe

285 519 323 587 τὸ
347 512 462 606 ὁρμᾶν,
484 510 569 603 ὅπερ
593 516 682 584 ἐστὶν
704 515 896 600 ἐπιθυμεῖν.
924 513 1064 602 καὶγὰρ
1092 513 1337 599 ἐπιθυμοῦντες
1358 541 1435 602 τρο-

217 634 221 640 ’
286 625 347 709 γᾶν
369 619 412 686 τὰ
436 618 508 707 ἱερὰ
525 619 636 710 φυτά,
666 612 704 687 οὗ
725 621 876 702 τολμῶσι
899 615 959 704 διὰ,
982 615 1020 683 τὸ
1045 616 1198 706 ἒπάρατα
1221 613 1306 684 εἶναι
1313 668 1323 700 ,
1352 618 1436 686 unde

287 731 455 804 utramque
477 722 722 809 explicationem
744 723 831 788 illius
852 722 915 785 iam
938 720 971 785 in
995 719 1205 786 atticistarum
1227 719 1340 787 lexicis
1362 740 1432 786 con·

286 824 546 892 iunctamluisse
568 825 735 891 cernimus.
768 822 1029 908 Harpocrationis
1044 829 1151 888 autem
1166 822 1255 888 locus
1270 841 1342 887 oum
1357 843 1434 888 non·

286 928 363 993 dum
393 925 435 992 ad
463 931 582 993 certum
613 932 774 992 auctorem
793 924 971 991 'reuocatus
998 924 1055 1006 sit,
1087 924 1234 1008 euoluas,
1263 923 1291 989 si
1318 923 1434 1006 placet,

288 1027 484 1113 Hesychium
505 1049 530 1095 s.
547 1049 576 1094 n.
599 1019 715 1112 ὀργάς,
745 1027 809 1093 ubi·
829 1027 862 1092 in
884 1026 1007 1109 glossa:
1039 1022 1206 1106 λοχμιῦόες
1227 1025 1283 1089 καὶ
1305 1017 1436 1110 ὀρεινὸν

283 1136 406 1218 χωρίον
427 1131 484 1194 καὶ
506 1122 716 1214 ἀνέργαστον.
744 1130 801 1193 καὶ
822 1131 892 1193 πᾶν
919 1124 957 1193 τὸ
982 1118 1191 1212 ὀργιζόμενον
1212 1114 1232 1213 ἢ
1255 1122 1436 1212 ἐπιτρεπό-

287 1256 386 1315 μονον
408 1220 429 1318 ἢ
452 1228 641 1313 ἐπιθυμοῦν
657 1219 678 1316 ἢ
694 1221 839 1312 ἀκμάζον
859 1230 985 1315 glossas
1006 1227 1156 1295 Photiet
1174 1228 1434 1314 Harpocrationis

287 1333 471 1400 coniunctas
501 1352 572 1399 esse
600 1332 777 1413 intelleges.
823 1331 927 1397 Ceteri
949 1329 1247 1413 lexicographorum
1269 1329 1332 1395 loci
1355 1329 1435 1396 nihil

287 1435 331 1502 ad
357 1434 610 1516 cognoscendam
642 1434 725 1499 hano
756 1434 934 1515 glossarum
963 1430 1150 1497 affinitatem
1181 1430 1260 1496 utile
1287 1431 1436 1498 afferunt.

288 1539 338 1604 Ne
366 1541 472 1602 tamen
502 1536 670 1619 quicquam
700 1534 846 1601 omisisse
869 1534 980 1601 uidear
987 1584 995 1619 ,
1024 1533 1086 1599 loci
1115 1531 1150 1597 hi
1171 1536 1258 1598 sunt:
1294 1532 1438 1599 Beklxeri

286 1639 407 1705 Anecd.
422 1658 454 1722 p.
470 1634 778 1722 287,14.=Harp.,
793 1636 886 1703 Phot.
901 1637 945 1718 gl.
959 1640 996 1719 1,
1012 1633 1101 1701 Snid.
1113 1634 1156 1718 gl.
1169 1637 1212 1715 2.;
1228 1633 1320 1700 Phot.
1333 1635 1375 1719 gl.
1389 1639 1436 1720 2,
1503 1688 1511 1705 .

287 1742 380 1808 Phot.
402 1741 445 1825 gl.
462 1744 491 1806 3.
506 1768 549 1790 =
563 1737 652 1805 Suid.
674 1740 716 1821 gl.
733 1744 759 1805 l.

372 1840 451 1907 Cum
473 1842 581 1925 glossa
601 1839 774 1906 Photiana:
802 1831 902 1920 ὅσον
925 1830 994 1905 οὐκ
1016 1830 1337 1903 ἆποτετέλεοτο·
1361 1829 1437 1903 ἆντὶ

286 1945 346 2008 τοῦ
369 1940 493 2025 σχεδόν,
517 1944 625 2009 confer
646 1940 789 2008 scholion
804 1941 904 2006 Thus.
916 1941 970 2007 IV.
983 1943 1049 2006 ou:
1071 1931 1151 2005 ὅσον
1165 1931 1223 2021 οὐκ
1238 1931 1436 2006 ἀποτετέλε-

288 2061 365 2109 στο·
390 2036 465 2108 ἀντὶ
484 2045 545 2107 τοῦ
567 2039 661 2129 παρὰ
682 2039 801 2128 μικρὸν
821 2034 1042 2129 ἀπετελέσθη.
1079 2041 1116 2109 Si
1132 2040 1265 2107 Suidam
1286 2062 1436 2127 respexe-

287 2147 400 2229 rimus,
430 2165 494 2210 non
516 2136 596 2210 ὅσον
619 2135 677 2208 οὐκ
700 2135 940 2209 ἇποτετέλεστο
963 2143 1157 2229 explicatum
1179 2164 1249 2210 esse
1270 2144 1434 2228 intellege·

183 2282 185 2287 v
286 2268 374 2332 mus,
403 2247 461 2314 sed
483 2247 570 2312 solas
591 2264 686 2313 uoces
708 2236 789 2311 ὅσον
812 2238 866 2325 οὗ,
896 2252 931 2311 ut
952 2265 994 2311 ex
1016 2245 1094 2311 locis
1116 2246 1270 2330 appositis
1292 2254 1436 2331 apparet.

288 2352 323 2418 Si
345 2351 441 2434 igitur
463 2348 579 2415 Suidas
592 2345 616 2434 ¹)
639 2348 719 2415 haec
741 2367 783 2414 ex
805 2353 934 2416 auctore
955 2368 1012 2414 suo
1035 2347 1265 2433 transscripsit,
1293 2348 1434 2431 glossam

247 2460 257 2476 ·
287 2475 349 2522 non
371 2454 587 2535 incorruptam
610 2470 685 2516 esse.
702 2451 902 2534 putabimus,
925 2471 995 2517 cum
1018 2450 1197 2534 exemplum
1220 2451 1261 2516 ad
1275 2451 1435 2518 illustran-

288 2554 347 2620 das
369 2573 465 2620 uoces
486 2573 544 2635 pro
566 2552 698 2619 uocibus
719 2552 799 2636 ipsis
827 2553 965 2637 positum
986 2553 1036 2618 sit.
1081 2551 1145 2618 Sed
1168 2572 1240 2617 oum
1264 2550 1380 2618 Suidas
1404 2561 1437 2619 et

286 2655 420 2723 Photius
442 2656 525 2720 inter
547 2673 582 2720 se
605 2654 819 2739 consentiant,
841 2654 905 2721 iam
920 2654 1092 2721 atticistam
1107 2654 1189 2719 falso
1203 2654 1250 2719 ita
1264 2653 1437 2720 tradidisse

288 2758 496 2839 coniciamus,
519 2762 552 2822 ct
572 2755 713 2838 glossam
735 2754 823 2839 apud
844 2757 993 2821 Photium
1015 2763 1048 2821 et
1068 2755 1201 2820 Suidam
1222 2756 1269 2821 ita
1289 2756 1435 2823 restitne-

287 2879 373 2926 mua:
396 2850 476 2923 ὅσον
499 2849 554 2922 οὗ·
585 2848 660 2922 ἀντὶ
680 2859 739 2922 τοῦ
762 2854 888 2937 σχεδόν.
917 2847 998 2936 ὅσον
1020 2849 1078 2920 οὐκ
1104 2848 1344 2922 ἇποτιτέλεοτο
1365 2858 1434 2921 κτλ.

288 2959 347 3026 Oui
367 2958 448 3026 haec
468 2960 549 3025 ratio
571 2958 675 3025 minus
697 2957 874 3042 probabilis
896 2956 1034 3041 uidetur,
1057 2958 1088 3024 ei
1109 2958 1169 3025 sub
1190 2959 1285 3025 finem
1306 2959 1436 3043 glossae

136 3096 144 3108 ·
208 3138 212 3145 θ
288 3061 477 3127 uocabulum
499 3058 657 3127 excidisse
685 3060 948 3144 putandumst,
979 3077 1041 3140 quo
1072 3052 1309 3126 ἆποτοτέλεοτο
1333 3061 1436 3146 expli-

287 3168 420 3229 caretur.
463 3159 730 3229 Proficiscendum
764 3161 848 3227 enim
877 3166 926 3229 est
954 3182 975 3227 a
1004 3161 1123 3229 Suidae
1154 3164 1279 3247 glossa,
1314 3163 1368 3244 qui
1402 3169 1438 3228 ut

288 3265 437 3347 exempla
458 3265 516 3330 illa
537 3263 580 3328 ad
601 3263 741 3347 glossam
763 3264 829 3328 iam
851 3263 1030 3331 mutilatam
1051 3266 1197 3346 falsoque
1226 3265 1267 3352 alp
1295 3264 1366 3347 ipso
1388 3261 1437 3330 iir-

289 3368 449 3433 tellectam
471 3363 713 3448 ascriptoribus
728 3365 914 3449 Byzantinis
937 3387 1024 3432 more
1045 3386 1103 3432 suo
1125 3365 1337 3449 adscriberet,
1366 3365 1438 3432 ficri

288 3468 383 3533 facile
404 3467 546 3552 potuisse
574 3464 810 3532 concedendum
833 3473 890 3532 est.
935 3467 1048 3550 Neque
1077 3474 1184 3533 tamen
1206 3472 1328 3534 certum
1351 3467 1433 3533 iudi-

288 3567 371 3633 cium
394 3566 462 3633 fieri
484 3571 604 3652 potest,
627 3586 699 3633 oum
721 3574 828 3634 cetera
849 3568 1062 3652 etymologica
1083 3590 1211 3654 prorsus
1234 3576 1369 3636 taceant

374 3756 398 3818 1)
422 3750 496 3804 Suid.
518 3743 585 3804 ὅσον
607 3747 655 3804 οὐκ
679 3747 890 3805 ἇποτιτέλιστο·
917 3748 978 3806 ἀντὶ
1001 3754 1050 3806 τοῦ
1074 3749 1179 3818 σχεδόν.
1208 3748 1289 3817 »ὅσον
1312 3748 1361 3806 οὐκ
1383 3750 1438 3820 ἤδη
1479 3752 1482 3758 ’

286 3831 412 3908 πονήρως
427 3855 458 3887 τε
475 3838 521 3888 καὶ
538 3830 644 3888 ἀθλίοις
660 3830 880 3903 ἆπολονμένων.“
901 3841 947 3889 καὶ
965 3826 1047 3891 αὖθις
1065 3839 1184 3900 ,ἐκεῖνον
1199 3840 1252 3909 γὰρ
1263 3832 1331 3891 ὅσον
1343 3834 1374 3890 οὗ
1387 3844 1440 3905 βα-

286 3916 403 3973 σιλεύειν
424 3922 471 3987 τῆς
485 3915 599 3974 Ἀσιαι.“
633 3919 715 3989 Apud
733 3918 917 3990 Thucydidem
939 3922 968 3975 hi
985 3922 1039 3977 loci
1062 3938 1117 3977 non
1133 3922 1318 3977 inueniuntur.
1353 3923 1438 3991 Apud

286 4001 356 4057 alios
383 4018 489 4071 quoque
515 4005 662 4073 sumptores
689 3998 755 4057 ὅσον
781 4001 813 4057 οὐ
836 4006 953 4060 inueniri
976 4006 1055 4062 docet
1079 4007 1212 4061 Denarius
1237 4006 1278 4060 ed.
1304 4006 1393 4061 Klotz.
1413 4007 1437 4060 1.

287 4103 313 4154 p.
330 4091 385 4142 lar.
