3142 4700
387 314 566 403 Quaestiopes
581 314 613 369 do
630 312 794 368 scholiorum
812 311 1046 381 'ihucydideorum
1064 310 1192 364 fontibus.
1323 308 1363 367 75

217 489 282 552 τῶν
312 484 389 551 δέκα
417 483 580 573 ῥητόρων,
611 477 656 561 ὥς
678 505 781 572 φησιν
803 476 1027 559 Ἀκουσίλαος.
1071 482 1238 567 Acusilas,
1267 481 1363 549 notis-

217 589 297 655 simo
319 587 533 674 logographo,
555 589 671 654 falsam
693 587 776 653 hanc
799 584 1045 671 explicationem
1066 584 1163 651 tribui
1184 605 1248 652 non
1269 604 1364 669 posse

217 710 321 774 neque
343 692 512 774 quisquam
534 690 699 774 negauerit
721 695 754 756 et
767 688 927 755 intellexit
941 685 1187 770 Doberentzius,
1210 687 1261 752 oui
1275 686 1363 753 clas-

106 800 110 808 ’
217 812 312 859 senus
334 793 358 859 Ι.
382 812 413 875 p.
430 795 502 857 ⁶272.
525 809 675 858 assensus
698 796 770 871 est.
799 789 865 857 Sed
886 812 916 876 p.
937 794 983 858 12.
1013 791 1097 857 hanc
1119 788 1365 875 explicationem

217 895 305 961 miris
321 892 463 961 artificiis
477 914 552 960 usus
567 892 753 980 Asclepiadi
769 892 938 976 adscribit,
960 912 1057 975 quam
1079 891 1271 977 opinionem,
1293 912 1364 959 cum

217 998 303 1064 omni
333 1001 440 1062 careat
466 994 688 1079 fundamento,
720 998 858 1062 refutare
887 1015 968 1080 opus
995 1015 1059 1060 non
1091 1001 1149 1059 est.
1193 992 1259 1061 Sed
1287 993 1364 1076 quid

218 1099 287 1182 ipse
310 1096 460 1181 sentiam,
491 1097 651 1182 explicare
672 1097 777 1164 liceat.
816 1098 886 1164 Iam
914 1095 1089 1179 antiquitus
1110 1096 1209 1163 libros
1231 1095 1363 1162 subditi-

218 1200 284 1267 cios
312 1200 410 1268 iuisse
439 1200 498 1266 sub
527 1200 645 1267 ueteris
672 1199 759 1265 illius
780 1199 923 1265 Acusilai
951 1199 1078 1266 nomine
1108 1198 1224 1265 Suidas
1263 1217 1289 1264 s.
1311 1218 1364 1265 un.

211 1297 382 1379 Ἑκαταῖος
396 1300 577 1389 Μιλήσιος,
599 1301 784 1389 ἱστορῆσαι,
801 1299 981 1388 συγγράφω
1003 1300 1093 1367 testis
1108 1307 1171 1367 est:
1194 1297 1236 1365 τὰ
1250 1291 1365 1364 Ἀκου-

218 1402 335 1471 σιίάοο
351 1403 539 1470 νοθεύεται.
569 1404 712 1471 'Mueller
732 1403 829 1486 igitur
843 1404 892 1487 (F.
908 1404 947 1469 H.
964 1404 1001 1470 G.
1013 1404 1038 1468 Ι.
1054 1425 1085 1488 p.
1096 1403 1278 1483 XXXVII.)
1300 1401 1365 1468 iam

216 1506 506 1575 Alexandrinorum
528 1505 740 1592 temporibus,
761 1511 798 1572 ut
820 1505 908 1590 aliis,
930 1505 976 1571 ita
997 1505 1147 1572 Acusilas
1170 1504 1269 1571 libros
1291 1525 1364 1589 sup·

215 1609 336 1693 positos
357 1629 429 1676 esse
451 1608 598 1676 affirmat.
635 1608 701 1675 Sed
722 1609 839 1676 falsam
860 1609 950 1674 illam
972 1607 1217 1692 explicationem
1236 1628 1278 1673 ex
1299 1610 1365 1677 illis

216 1711 478 1778 Pscudoacusilai
499 1710 624 1796 scriptis
647 1711 846 1796 depromtam
868 1731 931 1776 non
954 1729 1040 1790 csse,
1062 1709 1115 1774 uel
1129 1708 1205 1776 inde
1220 1727 1365 1797 apparet,

217 1812 303 1894 quod
325 1810 441 1878 Suidas
460 1831 485 1877 s,
501 1832 530 1877 u.
555 1816 697 1895 Σαβῖνος
718 1812 800 1879 haec
821 1810 933 1878 tradit:
957 1808 1121 1898 σοφιστὴς
1142 1810 1284 1897 γεγονώς
1307 1811 1365 1880 ἐπὶ

112 1944 114 1949 ·
215 1907 392 1998 Ἀδριανοῦ
413 1917 586 1998 Καίσαρος
608 1910 752 2001 ἔγραψεν
775 1909 957 2000 εἰσαγωγὴν
980 1913 1033 1977 καὶ
1064 1907 1248 1991 ὑποθέσεις
1267 1917 1365 1998 μελε-

214 2019 347 2103 τητικης
363 2007 455 2103 ,δλης
474 2015 591 2100 βιβλία
620 2013 659 2081 δ’.
696 2014 744 2092 εἰς
768 2014 971 2102 Θουκυδίδην
996 2015 1052 2080 καὶ
1073 2007 1287 2083 Ἀκουσίλαον
1309 2021 1366 2085 καὶ

217 2113 337 2195 ἄλλους
359 2114 583 2204 ὑπομνήματα
605 2119 659 2184 καὶ
683 2116 777 2206 ἕτερά
794 2143 870 2185 τινα
886 2115 1067 2205 ἐξηγητικά.
1105 2119 1188 2185 Nam
1203 2118 1264 2186 uiri
1280 2120 1365 2188 docti

216 2222 347 2288 alterius
369 2227 442 2306 post
457 2221 530 2288 (ihr.
549 2242 578 2287 n.
602 2222 738 2307 saeculi,
768 2222 797 2287 si
825 2221 899 2286 talis
922 2212 1163 2307 ἆυαχρουιομός
1183 2221 1217 2287 in
1239 2222 1378 2312 scriptis·

214 2324 279 2391 illis
302 2322 480 2390 subditiciis
501 2322 628 2407 fuisset,
658 2324 765 2390 statim
794 2342 834 2390 ea
862 2323 991 2390 subdita
1013 2342 1084 2390 esse
1105 2322 1259 2407 suspicati
1280 2344 1362 2391 ccm-

214 2426 378 2493 mentariis
401 2433 486 2492 certe
508 2446 571 2492 non
593 2431 812 2492 excmassent.
856 2425 931 2491 Alia
953 2431 1003 2491 est
1023 2424 1071 2490 de·
1088 2445 1128 2490 ea
1149 2444 1183 2491 re
1203 2425 1365 2511 Goslingsi

189 2553 192 2556 ·
214 2528 322 2613 opinio
344 2548 374 2611 p.
391 2531 457 2608 67„
487 2528 542 2609 qui
563 2526 605 2593 ad
627 2525 760 2592 Snidam
782 2547 807 2593 s·
826 2548 855 2593 u.
878 2520 1093 2603 Ἀκουσίλαος
1118 2536 1285 2612 prouocat,
1308 2529 1364 2595 ubi

213 2631 294 2697 haec
326 2635 414 2695 sunt:
463 2620 671 2720 Ἀκουσίλαος
695 2620 878 2715 Ἀθηναῖος
907 2618 953 2695 dv
980 2621 1230 2715 Ἀγαθοκλείας.
1268 2624 1364 2708 οὗτος

213 2725 348 2820 ἠράσθη
379 2728 483 2815 λόγων
512 2727 546 2795 ἐν
567 2721 730 2817 Ἀθήναις
758 2732 814 2796 καὶ
845 2728 955 2797 ἐλθών
978 2730 1026 2807 εἰς
1043 2726 1169 2818 Ῥώμην
1192 2730 1364 2817 διέτριψεν
1445 2821 1448 2827 .
1527 2771 1530 2774 Α

214 2833 248 2901 ἐν
280 2832 391 2919 λόγοις
420 2831 615 2921 ῥητορικοῖς.
659 2833 712 2899 Ad
741 2831 826 2900 hunc
854 2834 959 2901 locum
988 2837 1085 2901 refert
1107 2833 1251 2901 scholion
1273 2834 1363 2919 illud,

214 2937 392 3021 quodiam
421 2935 547 3003 Nicolai
576 2933 705 3017 (Gesch.
736 2936 767 3003 d.
796 2934 914 3021 griech.
939 2936 1034 3003 Liter.
1056 2938 1097 3003 11.
1126 2959 1158 3022 p.
1175 2936 1261 3021 440.)
1289 2944 1387 3005 ante·

212 3041 303 3107 illum
325 3041 461 3121 iecerat,
491 3035 519 3100 si
541 3037 640 3104 uerba
668 3038 737 3104 eius
759 3038 895 3105 obscura
923 3047 1009 3105 recte
1030 3038 1229 3124 interpretor.
1274 3041 1364 3120 Quae

214 3143 394 3209 coniectura
416 3139 562 3221 quamuis
584 3139 625 3205 sit
647 3140 833 3226 probabilis,
855 3148 974 3207 eertum
997 3147 1103 3206 tamen
1126 3161 1197 3208 eam
1215 3160 1285 3207 esse
1308 3142 1363 3208 uix

214 3241 419 3324 crediderim,
449 3242 525 3323 quia
553 3261 571 3307 e
594 3240 714 3307 Suidae
734 3243 843 3308 uerbis
865 3241 1011 3310 concludi
1041 3242 1169 3308 omnino
1198 3261 1261 3308 non
1289 3243 1365 3310 licet

213 3343 412 3426 Acusilaum,
429 3342 560 3410 ,Galbae
583 3343 766 3428 aequalem,
789 3343 831 3410 de
853 3342 1042 3428 Thucydide
1064 3342 1177 3428 egisse.

298 3444 425 3512 Tertius
453 3443 653 3529 Thucydidis
681 3446 838 3531 interpres
866 3445 1164 3513 Phoebammon
1193 3445 1308 3513 citatur
1337 3448 1362 3514 1.

215 3552 279 3614 53.:
301 3550 367 3613 τῶν
390 3546 426 3613 δὲ
441 3543 664 3638 Κερκυραίων]
686 3549 754 3612 τῶν
777 3546 829 3633 δὲ,
851 3551 1018 3628 τουτέστι,
1041 3549 1100 3613 τοῦ
1117 3540 1217 3613 ἄλλον
1231 3552 1362 3636 μέρους.

215 3641 300 3714 οἵτω
326 3647 534 3732 Φοιβάμμων
563 3655 657 3737 φησί.
691 3642 736 3716 ἵν’
768 3633 805 3736 ᾖ,
820 3654 899 3716 1των
928 3649 964 3715 δὲ
992 3647 1029 3714 τὸ
1052 3649 1112 3734 μὲν
1136 3648 1363 3735 στρατόπεδον

213 3754 279 3817 τιῦν
308 3755 522 3835 Κερκυραίων
552 3802 591 3817 ..
616 3803 623 3817 .
649 3803 656 3817 .
688 3752 720 3819 οἱ
750 3751 786 3818 δὲ
808 3744 997 3840 Ἀθηναῖοι.
1041 3754 1214 3819 Praeterea
1244 3751 1363 3819 Suidae

213 3855 355 3936 glossam
370 3852 538 3919 habemus:
564 3852 787 3937 Φοιβάμμωυ·
810 3853 930 3942 ῥητωρ.
966 3856 999 3921 Is
1019 3876 1095 3922 num
1109 3853 1194 3919 idem
1210 3853 1252 3919 sit
1265 3860 1363 3936 atque

214 3963 324 4024 auctor
353 3953 496 4036 σχολίων
518 3956 598 4041 περὶ
625 3955 800 4042 σχημάτων
828 3955 1025 4043 ῥητορικῶν,
1056 3975 1140 4038 quac
1163 3955 1365 4025 etiamnunc

214 4063 342 4126 exstem
349 4107 358 4142 ,
381 4057 536 4126 incertum
558 4063 616 4124 est.
653 4057 808 4140 Aequalis
826 4057 952 4142 Synesii
973 4056 1073 4125 fuisse
1095 4055 1244 4144 creditur,
1267 4077 1362 4141 quem
