3142 4700
371 325 548 393 Quaestiones
565 326 598 381 de
615 325 778 381 scholiorum
796 326 1031 397 Thucydideorum
1047 327 1177 383 fontrhus.
1288 329 1349 387 133

197 499 287 565 facio
312 505 344 566 et
371 499 405 564 in
433 499 588 584 proximis
611 499 793 567 coniectura
822 522 840 567 e
862 519 1018 568 consensu
1039 499 1182 584 Hesyehi
1203 506 1236 567 et
1256 501 1349 569 scho-

198 601 313 669 liastae
335 600 538 685 Thucydidei
560 604 647 668 facta
668 601 816 668 atticistis
837 622 897 669 sua
919 602 1092 669 restituam.

224 758 228 765 .
284 700 350 770 Sed
371 723 475 788 pauca
496 709 579 770 sunt.
623 704 727 788 Supra
747 704 813 770 iam
835 704 1004 772 nonnullas
1025 704 1150 786 glossas
1170 704 1346 790 Hesychia

197 824 255 870 nas
277 804 388 889 attuli,
412 825 495 888 quae
517 806 649 874 maximi
670 807 805 875 fuissent
825 806 937 894 pretii,
960 805 1021 872 nisi
1037 805 1223 892 corruptelis
1245 806 1347 889 inqui-

196 910 291 973 natae
314 916 421 974 essent
442 905 480 991 (t.
497 930 526 975 u.
551 906 645 995 παρὰ
667 907 765 990 πολύ,
787 906 921 996 κωλύμη
928 905 1132 998 ‚dictassent
1176 909 1270 975 Nune
1292 930 1349 976 eas

197 1028 358 1093 enumero,
380 1009 413 1076 in
435 1010 552 1092 quibus
573 1012 642 1078 solo
664 1011 827 1097 Hesychio
850 1015 980 1077 auctore
1002 1009 1128 1075 utimur.

281 1110 386 1195 Atque
407 1110 511 1196 prima
532 1112 691 1179 inuenitur
711 1113 853 1199 Hesychi
882 1114 1005 1198 glossa:
1043 1103 1244 1195 ἀγωγούς·
1268 1108 1348 1201 ὁδη-

195 1209 287 1296 γούς,
311 1231 394 1294 quae
417 1214 564 1279 conuenit
586 1235 657 1281 cum
679 1216 802 1282 scholio
824 1214 866 1280 ad
884 1216 987 1280 11.12.
1025 1213 1131 1278 Etiam
1146 1213 1347 1299 Phrynichus

194 1333 226 1398 p.
239 1318 310 1380 314.
334 1313 385 1381 ed.
402 1315 541 1381 Loheok.
565 1317 678 1383 eadem
700 1319 850 1403 praebet,
873 1336 945 1383 oum
963 1314 1055 1380 dicit:
1079 1306 1223 1400 ἀγωγόν·
1246 1320 1346 1382 τοῦτο

194 1410 341 1499 τοάνομα
362 1415 539 1483 τάττουσιν
562 1419 595 1484 οἱ
617 1420 761 1485 παλαιοὶ
789 1417 848 1483 ἐπὶ
875 1420 934 1484 τοῦ
957 1442 1032 1483 τινα
1054 1411 1133 1482 ὁδὸν
1155 1413 1345 1504 ἡγουμένου.

195 1509 282 1583 οὕτω
310 1520 364 1584 καὶ
397 1519 600 1607 Θουκυδίδης
627 1524 789 1607 κέχρηται.
834 1519 939 1588 deteri
967 1518 1246 1606 grammaticorum
1273 1522 1346 1606 loci,

195 1639 275 1702 quos
303 1621 392 1705 apud
421 1621 612 1689 Schoenium
634 1623 778 1691 inuenies
800 1621 964 1708 laudatos,
993 1621 1072 1688 nihil
1093 1628 1241 1708 prosunt,
1271 1624 1347 1705 quia

194 1722 386 1789 uocabulum
418 1723 647 1809 προπομπούς
680 1722 865 1810 explicandi
898 1743 995 1790 causa
1028 1721 1159 1789 addunt.
1211 1726 1343 1792 Prorsus

146 1828 149 1833 ’
193 1825 300 1890 aliena
322 1826 416 1892 affert
437 1826 611 1895 scholiasta
632 1827 840 1908 Patmiensis,
871 1825 961 1893 cuius
983 1825 1245 1911 explicationem,
1269 1826 1346 1909 quia
1368 1815 1377 1837 '

192 1925 311 1993 nullius
332 1927 426 2012 pretii
449 1934 514 2011 est,
537 1933 681 2014 repetere
703 1930 788 1997 nolo.

278 2028 405 2098 Deinde
427 2030 619 2098 conferenda
639 2038 713 2098 sunt
733 2033 842 2116 glossa
865 2028 1007 2114 Hesychi
1029 2047 1054 2095 s.
1070 2048 1100 2095 u.
1124 2019 1344 2116 ἀποχρών-

191 2149 285 2207 τως·
310 2124 489 2218 αὐτάρκως,
506 2118 758 2218 ἀρκούντως·
782 2133 903 2207 ἱκανῶς
916 2131 1026 2217 (quam
1042 2130 1158 2201 suidas
1173 2130 1234 2197 hoe
1247 2129 1343 2198 modo

192 2233 364 2319 excerpsit:
388 2227 627 2322 ἀποχρώντως·
652 2235 786 2321 ἱκανῶς)
810 2239 843 2302 et
857 2220 1002 2301 scholion
1017 2233 1116 2299 Thuo.
1129 2236 1231 2299 1.21.:
1254 2225 1343 2298 ἀπο-

188 2333 358 2422 χρώντως·
381 2331 400 2423 ἡ
424 2334 562 2425 περιοχὴ
585 2340 646 2404 τοῦ
668 2336 765 2423 λόγου
788 2328 889 2416 οάτω,
913 2338 1013 2423 φησί,
1036 2333 1175 2421 διῆλθεν
1192 2329 1239 2412 dg
1259 2338 1343 2422 πρέ-

139 2455 144 2462 ’
191 2463 250 2503 πει
281 2435 340 2504 τὸν
373 2436 505 2503 παλαιὰ
539 2438 752 2527 διηγούμενον
790 2436 971 2523 πράγματα
1004 2429 1190 2521 ἀρκούντως
1223 2426 1342 2504 εἰπεῖν.Ι

191 2541 305 2608 Cetera
335 2540 441 2607 lexioa
469 2540 549 2605 nihil
577 2541 715 2608 afferunt
742 2546 870 2626 praeter
897 2539 1039 2606 Bekkeri
1060 2538 1180 2607 Anecd.
1209 2560 1240 2624 p.
1253 2543 1341 2605 439.;

178 2631 430 2726 ἀποχρώντως·
455 2638 584 2718 ἱκαναῖς.
607 2634 853 2730 Ἀριστοφάνης
878 2649 1115 2728 Ταγηνισταῖς·

395 2734 479 2806 ἀλλὰ
502 2741 733 2831 στεφάνωσαι·
763 2744 820 2809 καὶ
840 2739 902 2829 γὰρ
925 2738 1055 2828 ἡλικίαν
1077 2740 1161 2824 ἐ’χεις

394 2837 594 2932 ἀποχρῶσαν
617 2837 726 2933 ἤδη.1)
1187 2858 1189 2862 “

189 2948 283 3016 Unde
305 2947 413 3033 opinio
443 2952 552 3015 nostra
580 2947 722 3014 firmatur
749 2945 893 3033 (propter
914 2945 1036 3013 Naberi
1057 2947 1183 3031 Proleg.
1206 2970 1237 3034 p.
1257 2948 1340 3031 134.)

189 3051 272 3115 hanc
304 3049 445 3131 glossam
474 3051 621 3118 atticistis
651 3050 770 3118 deberi.
816 3051 852 3115 In
880 3048 1002 3117 scholio
1030 3048 1242 3135 Thucydideo
1271 3050 1340 3117 sine

189 3149 286 3216 dubio
308 3169 348 3216 ea
368 3150 503 3234 primum
526 3152 569 3218 ad
591 3153 817 3237 explicandum
831 3150 1021 3217 aduerhium
1044 3144 1268 3238 ἀποχρώντως
1282 3152 1339 3218 ad-

188 3251 257 3318 dita
277 3249 337 3317 fuit
358 3258 455 3333 atque
477 3250 553 3319 inde
575 3253 607 3317 in
628 3254 837 3339 paraphrasin
858 3252 998 3337 inrepsit.
1118 3313 1120 3318 ,

272 3353 352 3419 Item
374 3351 407 3416 in
421 3351 543 3421 scholio
558 3353 659 3420 Thuo.
674 3355 714 3421 Π.
730 3357 797 3419 38.;
832 3350 1082 3442 διετησίοις]
1106 3345 1152 3418 δι’
1178 3346 1257 3419 ὅλου
1280 3358 1339 3420 τοῦ

187 3452 280 3530 ἔτους
294 3451 437 3520 θύουσιν
460 3453 494 3520 οἱ
508 3446 687 3543 Ἀθηναῖοι
710 3452 798 3542 πλὴν
811 3457 893 3537 μιᾶς
915 3449 1055 3540 ἡμέρας,
1078 3455 1107 3521 si
1128 3456 1339 3541 paraphrasin

187 3557 229 3623 ab
259 3556 473 3641 explicatione
503 3557 716 3643 seiungimus,
745 3557 858 3625 eadem
888 3562 1016 3623 exstant
1044 3563 1141 3639 atque
1170 3578 1252 3641 quae
1273 3560 1337 3627 He-

186 3658 316 3744 sychius
338 3659 435 3726 refert
449 3678 473 3725 s.
490 3680 520 3727 u.
544 3657 728 3746 διετηοιος·
752 3651 799 3725 δι’
824 3645 904 3723 dieo
926 3660 985 3724 τοῦ
1008 3656 1117 3741 ἔτους,
1140 3659 1226 3728 unde
1247 3659 1335 3727 uide-

185 3780 255 3828 mus
277 3761 310 3825 in
330 3760 503 3845 Phrynichi
523 3781 758 3847 proparasceue
780 3760 956 3848 sophistica
978 3761 1153 3851 διετησίως
1175 3761 1336 3847 corrigen-

275 3916 298 3972 ll
316 3910 375 3980 Quo
399 3910 460 3965 loco
479 3883 678 3966 demonstratur
705 3911 812 3967 lexicon
830 3913 1081 3967 Bachmannianum
1097 3911 1184 3965 multa
1206 3917 1334 3980 excerpta

180 3996 293 4053 'tantum
310 4000 337 4050 et
353 3994 479 4049 mutilata
496 4011 637 4061 seruasse,
660 4013 722 4051 cum
739 4013 774 4052 ne
791 3997 983 4066 grammaticus
1001 3996 1117 4052 delirare
1135 3995 1270 4063 uideatur,
1293 3996 1335 4051 iu·

185 4081 328 4139 serendum
346 4080 395 4135 sit:
414 4075 577 4150 ἀποχρῆναι·
596 4079 691 4135 ἱκανὸν
709 4081 786 4135 εἶναι.
