3142 4700
235 267 296 326 130
460 242 471 259 ⁰
658 265 792 320 Ernestus
809 264 940 320 Schwabe

236 439 301 506 iam
315 435 435 523 poteris
450 436 605 503 diuinare.
634 435 701 502 Sed
715 441 845 520 apertus
860 436 896 502 fit
910 436 1032 504 soholio
1049 435 1214 503 Demosth.
1228 436 1252 521 ¹)
1266 439 1384 505 XVIII.

237 543 300 606 12:
319 536 516 626 ἐπήρειαν]
533 536 672 626 ἐπήρεια
686 542 808 624 κυρίως
822 533 842 626 ἡ
859 536 893 604 έν
906 541 956 623 τῷ
971 538 1109 623 πολέμῳ
1123 537 1314 628 καταδρομὴ
1329 542 1386 606 καὶ

234 633 356 730 ἀπειλὴ
374 638 408 705 ἐκ
422 643 481 706 τοῦ
494 634 593 728 Ἄρης
608 634 705 727 δίρεια
718 642 775 706 καί
796 638 881 724 μετὰ
895 643 956 706 τοῦ
978 637 1036 705 ἐπὶ
1052 638 1201 728 ἒπήρεια.
1236 641 1386 710 conexus

235 744 332 829 igitur
353 743 494 809 locorum
516 742 702 810 manitestns
724 748 772 810 ost
794 762 853 809 neo
868 744 1036 825 qnisquam
1051 743 1209 809 attioistas
1222 742 1386 812 adhibitos

234 864 306 913 esse
334 844 475 927 negabit.
519 846 570 910 De
598 865 633 912 re
660 844 732 928 ipsa
760 848 892 926 egerunt
914 844 1116 911 Herodianus
1145 844 1195 910 ed.
1218 845 1326 912 Lenta.
1341 846 1383 913 11.

235 952 309 1032 508,
324 951 375 1012 31.
398 952 431 1012 et
453 945 595 1012 Zonaras
615 949 732 1030 p.799.

319 1047 436 1115 Suidas
451 1068 476 1114 a.
490 1069 521 1114 u.
545 1045 790 1135 ἓπιχειρητέ
797 1066 834 1112 α·
859 1039 932 1114 ἀντὶ
955 1050 1015 1114 τοῦ
1038 1044 1263 1135 ἐπιχειρητέον
1281 1043 1328 1126 ὡς
1345 1046 1383 1115 τδ

234 1151 410 1238 τολμητέα.
433 1149 528 1235 φιλεῖ
540 1147 603 1235 χδιρ
618 1144 636 1214 δ
655 1148 860 1238 Θουκυδίδης
873 1152 1023 1215 τοιαῦτα.
1060 1149 1275 1216 schwartzius
1289 1172 1321 1237 p.
1335 1156 1385 1215 54.

235 1253 318 1319 hano
345 1252 486 1335 glossam
508 1251 600 1317 Aelio
628 1251 784 1335 Dionys10
813 1252 922 1318 tribuit
950 1250 1134 1333 confertque
1162 1271 1234 1318 oum
1263 1252 1386 1320 scholio

234 1352 370 1421 Thbal.
385 1356 470 1418 lta:
494 1349 783 1440 ἐπιχειρητέα·
806 1348 826 1440 ἡ
850 1352 938 1430 λέξις
960 1357 1183 1441 συγγραφέως.
1207 1351 1302 1442 ἐχρῆν
1323 1352 1386 1441 γὰρ
1472 1354 1478 1365 “

235 1455 344 1522 εἰπεῖν
360 1452 595 1541 ἐπιχειρητέον.
633 1453 723 1532 Quae
744 1456 813 1521 ueri
835 1456 1031 1523 simillimum
1046 1463 1095 1522 est
1109 1455 1242 1523 Suidam
1257 1478 1298 1523 ex
1312 1457 1386 1522 atti·

235 1558 385 1626 oistarnm
408 1557 520 1624 lexicis
542 1556 703 1640 hausisse,
733 1576 805 1622 oum
833 1556 918 1624 idem
941 1558 1021 1625 baec
1043 1558 1161 1624 habeat
1182 1579 1207 1625 s.
1223 1579 1253 1624 n.
1284 1550 1385 1624 ἀδί-

235 1684 338 1727 νατα
367 1653 495 1724 εἶναι·
529 1650 604 1724 ἆντί
631 1660 690 1723 τοῦ
713 1650 884 1725 ἀδύνατον.
918 1658 1080 1737 πολλάκις
1107 1657 1169 1746 χδιρ
1191 1664 1344 1748 κέχρηται
1366 1656 1383 1726 δ

237 1759 441 1847 Θουκυδίδης
456 1761 697 1848 πληθυντικοῖς
719 1752 795 1826 ἄντί
817 1758 947 1841 ἑνικῶν,
970 1760 1117 1845 μάλιστα
1140 1761 1176 1827 δέ
1191 1759 1248 1828 ἐπὶ
1264 1761 1387 1850 ταύτης

234 1867 293 1951 τῆς
308 1862 436 1940 λέξεως.
474 1864 523 1928 Ea
536 1863 645 1947 glossa
660 1862 808 1930 eonnenit
828 1883 900 1929 oum
913 1864 1057 1931 Bekkeri
1070 1864 1192 1931 Aneod.
1207 1885 1237 1948 p.
1251 1868 1323 1947 342,
1337 1867 1385 1950 19,

236 1965 321 2047 quod
350 1964 476 2031 lexicon
507 1984 548 2029 ex
575 1963 669 2030 Aelio
699 1963 855 2047 Dionysio
885 1971 917 2030 et
944 1965 1105 2032 Pausania
1132 1966 1384 2032 consarcinatum

236 2086 307 2134 esse
321 2065 432 2134 Nabar
445 2066 572 2150 Proleg.
594 2065 637 2130 ad
654 2063 746 2130 Phot.
768 2065 930 2149 p.134.ff.
953 2067 1190 2136 demonstrauit.
1224 2067 1386 2151 Scholion,

236 2168 323 2252 quod
345 2168 406 2235 baa
428 2188 499 2234 oum
520 2168 629 2248 glossa
643 2168 797 2251 oonoinat
819 2187 883 2233 non
897 2167 1068 2253 habemus3
1091 2168 1150 2235 sed
1164 2190 1236 2237 eum
1250 2178 1386 2252 utraque

236 2268 356 2336 Saldae
370 2270 480 2355 glossa
494 2269 536 2337 de
557 2267 671 2336 eadem
693 2270 805 2354 regula
826 2275 918 2356 agat,
940 2289 1143 2355 magnacum
1160 2271 1386 2358 probabilitate

236 2393 307 2440 eam
329 2393 370 2439 ex
392 2373 507 2446 eodem
527 2374 616 2440 fonte
639 2372 866 2440 deriuabimns.

321 2474 443 2540 Eadem
471 2474 594 2542 ratione
627 2474 775 2542 attieistis
807 2476 974 2542 restituere
1007 2474 1083 2541 lieet
1110 2476 1256 2544 sobolion
1285 2476 1386 2543 Τίτου.

235 2577 291 2642 ΠΙ.
304 2580 371 2641 47.;
398 2573 587 2663 κάθεξιν]
609 2573 669 2663 τὴν
691 2568 881 2663 ἀσφάλειαν
902 2577 959 2641 καὶ
980 2573 1119 2663 κατοχὴν
1140 2580 1198 2643 καὶ
1217 2577 1385 2666 κρότησον,

237 2698 373 2762 quocum
401 2679 546 2744 conferas
560 2672 657 2745 said.
680 2700 706 2745 s.
721 2700 751 2745 u.
774 2676 930 2755 κάθεξιν·
963 2676 1137 2766 κράτηοιν,
1167 2700 1250 2763 quae
1278 2682 1387 2764 glossa

129 2852 140 2874 ·
234 2772 350 2847 iterum
363 2777 523 2846 inuenitur
538 2779 625 2864 apud
639 2779 846 2866 Hesychinm.
876 2780 930 2847 Ad
944 2780 1080 2847 eundem
1098 2781 1201 2847 loonm
1217 2788 1340 2867 spectat
1354 2784 1387 2849 in

236 2880 630 2964 BekkeriAneod.105‚1.
645 2879 798 2958 κάθεξις·
824 2881 1028 2968 Θουκυδίδης
1041 2881 1199 2969 τετάρτῳ,
1215 2884 1270 2950 nbi
1284 2889 1386 2971 τρίτῳ

238 2978 476 3064 corrigendum,
499 2981 575 3063 quia
598 3002 661 3050 uox
683 2983 740 3049 illa
761 2984 796 3049 in
816 2983 899 3052 libro
921 2989 1034 3066 quarto
1056 3005 1119 3052 non
1140 2986 1316 3071 iuuenitnr‚
1347 2987 1385 3053 of.

236 3082 365 3149 Betanti
387 3082 521 3149 lexicon.

321 3184 425 3264 Quam
448 3184 561 3252 mirum
589 3185 623 3251 in
644 3185 774 3254 modum
797 3188 899 3254 multa
926 3187 959 3252 in
984 3187 1098 3256 lexicis
1119 3189 1323 3272 bonnoniam,
1352 3195 1388 3256 ut

236 3306 331 3353 nemo
351 3285 414 3351 nisi
435 3289 652 3371 praemonitus
674 3308 830 3357 conexum
851 3287 996 3356 diuinare
1018 3291 1131 3374 possit,
1153 3291 1215 3358 hoo
1237 3293 1386 3375 exemplo

237 3387 398 3453 luculento
412 3389 580 3472 probatur:
602 3389 699 3458 schol.
716 3391 815 3458 Thoe.
827 3393 851 3458 Ι.
868 3395 934 3457 29.:
957 3389 1068 3479 παρὰ
1087 3392 1208 3459 πολί;
1232 3386 1306 3458 ἀντὶ
1327 3394 1387 3458 τοῦ

7 3497 23 3558 ’,
65 3578 71 3588 0
127 3561 130 3565 ,
238 3485 380 3654 σφόδρα.
403 3486 641 3576 διαφερόντως.
663 3493 790 3574 μᾶλλον
812 3482 833 3580 ἢ
854 3491 953 3557 πολύ.
991 3493 1086 3578 Apud
1105 3493 1237 3561 Suidam
1259 3496 1387 3579 glossae

237 3594 311 3672 ΜΦ
322 3608 439 3760 Θξδεεε
457 3697 500 3756 1.:
529 3690 624 3778 παρὰ
646 3693 749 3760 πολύ·
773 3695 957 3772 παντελῶς.
988 3695 1193 3784 Θουκυδίδης
1215 3695 1250 3763 ἐν
1273 3695 1320 3761 α’·
1354 3695 1388 3763 οἱ

238 3812 439 3821 ...η--η-ι

326 3862 349 3923 l)
366 3858 563 3914 Demosthenes
580 3858 708 3915 laudatur
723 3845 751 3915 in
770 3864 977 3919 sebolfia1.76.:
996 3859 1028 3917 δν
1039 3858 1126 3917 οὐδείς
1138 3884 1192 3920 πυ.
1212 3869 1253 3920 53.
1266 3860 1341 3933 ὑμεῖς
1352 3858 1387 3917 ἂν

238 3939 291 4013 πρὸ
309 3944 364 3995 τοῦ.
392 3947 447 3996 113.
460 3937 627 4016 Ὀρχομενόν.
650 3944 697 3998 ΙΙΙ.
712 3952 753 4002 34.
772 3948 859 4002 εἴωθε
875 3947 913 4004 δι’.
930 3949 976 4004 lv.
989 3953 1029 4003 92.
1048 3947 1245 4003 πιστεύσαντες
1261 3951 1302 4015 τῷ
1317 3949 1386 4015 θεῷ.

238 4024 274 4078 ei.
293 4025 365 4080 infra
381 4044 408 4096 p.
420 4033 468 4083 138
480 4045 540 4097 sqq.
