<?xml version="1.0" encoding="UTF-8"?>
<!DOCTYPE html PUBLIC "-//W3C//DTD XHTML 1.0 Transitional//EN"
    "http://www.w3.org/TR/xhtml1/DTD/xhtml1-transitional.dtd">
<html xmlns="http://www.w3.org/1999/xhtml" xml:lang="en" lang="en">
 <head>
  <title>
</title>
<meta http-equiv="Content-Type" content="text/html;charset=utf-8" />
  <meta name='ocr-system' content='tesseract 3.04.00' />
  <meta name='ocr-capabilities' content='ocr_page ocr_carea ocr_par ocr_line ocrx_word'/>
</head>
<body>
  <div class='ocr_page' id='page_1' title='image "./quaestionesdesc00schwgoog_0054.png"; bbox 0 0 3142 4700; ppageno 0'>
   <div class='ocr_carea' id='block_1_1' title="bbox 172 242 981 327">
    <p class='ocr_par' dir='ltr' id='par_1_1' title="bbox 172 242 981 327">
     <span class='ocr_line' id='line_1_1' title="bbox 172 242 981 327; baseline -0.002 0"><span class='ocrx_word' id='word_1_1' title='bbox 172 242 175 247; x_wconf 25' lang='grc' dir='ltr'>Ι</span> <span class='ocrx_word' id='word_1_2' title='bbox 276 268 335 327; x_wconf 87' lang='grc'>110</span> <span class='ocrx_word' id='word_1_3' title='bbox 698 268 834 324; x_wconf 84' lang='lat' dir='ltr'>Ernestus</span> <span class='ocrx_word' id='word_1_4' title='bbox 851 267 981 325; x_wconf 74' lang='lat' dir='ltr'>Schwabe</span> 
     </span>
    </p>
   </div>
   <div class='ocr_carea' id='block_1_2' title="bbox 271 430 1426 2152">
    <p class='ocr_par' dir='ltr' id='par_1_2' title="bbox 274 430 1426 933">
     <span class='ocr_line' id='line_1_2' title="bbox 275 430 1426 527; baseline 0.006 -23"><span class='ocrx_word' id='word_1_5' title='bbox 275 436 401 526; x_wconf 76' lang='grc' dir='ltr'><em>ἐφολκὰ</em></span> <span class='ocrx_word' id='word_1_6' title='bbox 423 430 498 505; x_wconf 84' lang='grc' dir='ltr'><em>οἰντί</em></span> <span class='ocrx_word' id='word_1_7' title='bbox 519 442 579 505; x_wconf 84' lang='grc' dir='ltr'>τοῦ</span> <span class='ocrx_word' id='word_1_8' title='bbox 601 436 775 525; x_wconf 74' lang='grc' dir='ltr'><em>ἐπαγωγά,</em></span> <span class='ocrx_word' id='word_1_9' title='bbox 799 440 839 506; x_wconf 84' lang='lat' dir='ltr'>cl.</span> <span class='ocrx_word' id='word_1_10' title='bbox 861 438 963 507; x_wconf 81' lang='lat' dir='ltr'>Thuc.</span> <span class='ocrx_word' id='word_1_11' title='bbox 978 440 1034 505; x_wconf 92' lang='lat' dir='ltr'><strong>III.</strong></span> <span class='ocrx_word' id='word_1_12' title='bbox 1052 443 1108 521; x_wconf 63' lang='lat'>13„</span> <span class='ocrx_word' id='word_1_13' title='bbox 1128 440 1246 508; x_wconf 79' lang='lat' dir='ltr'>lv.41.</span> <span class='ocrx_word' id='word_1_14' title='bbox 1262 445 1331 509; x_wconf 88' lang='grc'><strong>108.</strong></span> <span class='ocrx_word' id='word_1_15' title='bbox 1355 441 1426 527; x_wconf 88' lang='lat' dir='ltr'>(uhi</span> 
     </span>
     <span class='ocr_line' id='line_1_3' title="bbox 274 538 1425 628; baseline 0.002 -20"><span class='ocrx_word' id='word_1_16' title='bbox 274 540 420 609; x_wconf 77' lang='lat' dir='ltr'>scholion</span> <span class='ocrx_word' id='word_1_17' title='bbox 440 541 622 609; x_wconf 85' lang='lat' dir='ltr'>Patmiense</span> <span class='ocrx_word' id='word_1_18' title='bbox 644 542 756 610; x_wconf 86' lang='lat' dir='ltr'>habet:</span> <span class='ocrx_word' id='word_1_19' title='bbox 786 539 913 628; x_wconf 79' lang='grc' dir='ltr'>ἐ’φολκα</span> <span class='ocrx_word' id='word_1_20' title='bbox 935 538 1010 624; x_wconf 81' lang='lat' dir='ltr'>(sic)</span> <span class='ocrx_word' id='word_1_21' title='bbox 1031 538 1189 626; x_wconf 70' lang='grc' dir='ltr'><em>ἐπαγωγὰ</em></span> <span class='ocrx_word' id='word_1_22' title='bbox 1211 544 1267 608; x_wconf 86' lang='grc' dir='ltr'><em>καί</em></span> <span class='ocrx_word' id='word_1_23' title='bbox 1287 543 1425 611; x_wconf 72' lang='grc' dir='ltr'><em>πιθανὰ</em></span> 
     </span>
     <span class='ocr_line' id='line_1_4' title="bbox 275 640 1425 731; baseline 0.004 -24"><span class='ocrx_word' id='word_1_24' title='bbox 275 643 330 707; x_wconf 84' lang='grc' dir='ltr'><em>καί</em></span> <span class='ocrx_word' id='word_1_25' title='bbox 353 640 607 731; x_wconf 60' lang='lat' dir='ltr'>spalatensem</span> <span class='ocrx_word' id='word_1_26' title='bbox 622 641 810 726; x_wconf 82' lang='grc' dir='ltr'><em>δυνάμενοι),</em></span> <span class='ocrx_word' id='word_1_27' title='bbox 824 643 863 709; x_wconf 91' lang='lat' dir='ltr'>V.</span> <span class='ocrx_word' id='word_1_28' title='bbox 876 648 916 729; x_wconf 79' lang='grc'>6.,</span> <span class='ocrx_word' id='word_1_29' title='bbox 930 643 999 708; x_wconf 91' lang='lat' dir='ltr'><strong>VII.</strong></span> <span class='ocrx_word' id='word_1_30' title='bbox 1010 649 1040 710; x_wconf 87' lang='grc'>4.</span> <span class='ocrx_word' id='word_1_31' title='bbox 1060 647 1092 709; x_wconf 93' lang='lat' dir='ltr'>et</span> <span class='ocrx_word' id='word_1_32' title='bbox 1113 642 1250 728; x_wconf 90' lang='lat' dir='ltr'>saepius.</span> <span class='ocrx_word' id='word_1_33' title='bbox 1284 647 1346 712; x_wconf 92' lang='lat' dir='ltr'>llla</span> <span class='ocrx_word' id='word_1_34' title='bbox 1360 667 1425 714; x_wconf 84' lang='lat' dir='ltr'>uox</span> 
     </span>
     <span class='ocr_line' id='line_1_5' title="bbox 275 744 1425 831; baseline 0.004 -21"><span class='ocrx_word' id='word_1_35' title='bbox 275 764 347 810; x_wconf 90' lang='lat' dir='ltr'>cum</span> <span class='ocrx_word' id='word_1_36' title='bbox 376 744 575 829; x_wconf 81' lang='lat' dir='ltr'>Thucydidis</span> <span class='ocrx_word' id='word_1_37' title='bbox 602 745 731 831; x_wconf 86' lang='lat' dir='ltr'>propria</span> <span class='ocrx_word' id='word_1_38' title='bbox 758 744 817 828; x_wconf 90' lang='lat' dir='ltr'>sit,</span> <span class='ocrx_word' id='word_1_39' title='bbox 843 744 1000 812; x_wconf 89' lang='lat' dir='ltr'>atticistas</span> <span class='ocrx_word' id='word_1_40' title='bbox 1028 744 1125 811; x_wconf 86' lang='lat' dir='ltr'>etiam</span> <span class='ocrx_word' id='word_1_41' title='bbox 1151 744 1331 829; x_wconf 82' lang='lat' dir='ltr'><strong>Hesychius</strong></span> <span class='ocrx_word' id='word_1_42' title='bbox 1353 768 1378 815; x_wconf 88' lang='lat' dir='ltr'>s.</span> <span class='ocrx_word' id='word_1_43' title='bbox 1393 769 1425 815; x_wconf 90' lang='lat' dir='ltr'>u.</span> 
     </span>
     <span class='ocr_line' id='line_1_6' title="bbox 274 840 1220 933; baseline 0.002 -22"><span class='ocrx_word' id='word_1_44' title='bbox 274 842 432 931; x_wconf 77' lang='grc' dir='ltr'><em>ἐπαγωγὰ</em></span> <span class='ocrx_word' id='word_1_45' title='bbox 446 844 488 911; x_wconf 83' lang='grc' dir='ltr'>τὰ</span> <span class='ocrx_word' id='word_1_46' title='bbox 513 840 646 933; x_wconf 76' lang='grc' dir='ltr'><em>ἀγαγεῖν</em></span> <span class='ocrx_word' id='word_1_47' title='bbox 668 846 834 930; x_wconf 82' lang='grc' dir='ltr'><em>δυνάμενα</em></span> <span class='ocrx_word' id='word_1_48' title='bbox 856 846 981 914; x_wconf 87' lang='lat' dir='ltr'>uidetur</span> <span class='ocrx_word' id='word_1_49' title='bbox 1003 846 1220 929; x_wconf 75' lang='lat' dir='ltr'>exscripsisse.</span> 
     </span>
    </p>

    <p class='ocr_par' dir='ltr' id='par_1_3' title="bbox 271 946 1426 2152">
     <span class='ocr_line' id='line_1_7' title="bbox 360 946 1424 1033; baseline 0.004 -20"><span class='ocrx_word' id='word_1_50' title='bbox 360 949 457 1014; x_wconf 90' lang='lat' dir='ltr'>Porro</span> <span class='ocrx_word' id='word_1_51' title='bbox 485 950 601 1033; x_wconf 82' lang='lat' dir='ltr'>legitur</span> <span class='ocrx_word' id='word_1_52' title='bbox 630 949 717 1033; x_wconf 84' lang='lat' dir='ltr'>apud</span> <span class='ocrx_word' id='word_1_53' title='bbox 739 950 888 1017; x_wconf 88' lang='lat' dir='ltr'>Photium</span> <span class='ocrx_word' id='word_1_54' title='bbox 916 946 973 1031; x_wconf 88' lang='lat' dir='ltr'>(cf.</span> <span class='ocrx_word' id='word_1_55' title='bbox 996 948 1067 1014; x_wconf 84' lang='lat' dir='ltr'>Ael.</span> <span class='ocrx_word' id='word_1_56' title='bbox 1090 950 1222 1032; x_wconf 85' lang='lat' dir='ltr'>Dionys.</span> <span class='ocrx_word' id='word_1_57' title='bbox 1245 970 1275 1033; x_wconf 89' lang='lat' dir='ltr'>p.</span> <span class='ocrx_word' id='word_1_58' title='bbox 1299 952 1349 1015; x_wconf 84' lang='grc'>69.</span> <span class='ocrx_word' id='word_1_59' title='bbox 1372 950 1424 1017; x_wconf 89' lang='lat' dir='ltr'>ed.</span> 
     </span>
     <span class='ocr_line' id='line_1_8' title="bbox 273 1048 1423 1139; baseline 0.001 -25"><span class='ocrx_word' id='word_1_60' title='bbox 273 1048 478 1130; x_wconf 82' lang='lat' dir='ltr'>Schwartz.):</span> <span class='ocrx_word' id='word_1_61' title='bbox 502 1051 707 1136; x_wconf 74' lang='grc' dir='ltr'><em>ἰεριῦσθοι.</em></span> <span class='ocrx_word' id='word_1_62' title='bbox 731 1053 816 1139; x_wconf 82' lang='grc' dir='ltr'><em>φησὶ</em></span> <span class='ocrx_word' id='word_1_63' title='bbox 833 1048 1037 1136; x_wconf 78' lang='grc' dir='ltr'><em>Θουκυδίδης</em></span> <span class='ocrx_word' id='word_1_64' title='bbox 1051 1055 1269 1131; x_wconf 67' lang='lat' dir='ltr'>„carrionense</span> <span class='ocrx_word' id='word_1_65' title='bbox 1284 1048 1366 1115; x_wconf 85' lang='grc' dir='ltr'><strong><em>κατὰ</em></strong></span> <span class='ocrx_word' id='word_1_66' title='bbox 1383 1049 1423 1138; x_wconf 79' lang='grc' dir='ltr'>δή</span> 
     </span>
     <span class='ocr_line' id='line_1_9' title="bbox 271 1144 1426 1239; baseline 0.004 -24"><span class='ocrx_word' id='word_1_67' title='bbox 271 1174 348 1216; x_wconf 89' lang='grc' dir='ltr'>τινα</span> <span class='ocrx_word' id='word_1_68' title='bbox 369 1149 521 1216; x_wconf 77' lang='grc' dir='ltr'><em>παλαιὰν</em></span> <span class='ocrx_word' id='word_1_69' title='bbox 538 1150 651 1219; x_wconf 77' lang='grc' dir='ltr'><strong><em>αἰτίαν</em></strong></span> <span class='ocrx_word' id='word_1_70' title='bbox 672 1145 711 1219; x_wconf 79' lang='grc' dir='ltr'>οὗ</span> <span class='ocrx_word' id='word_1_71' title='bbox 732 1149 905 1238; x_wconf 76' lang='grc' dir='ltr'><em>καθαροὺς</em></span> <span class='ocrx_word' id='word_1_72' title='bbox 928 1144 1026 1228; x_wconf 72' lang='grc' dir='ltr'><strong><em>ὄντας</em></strong></span> <span class='ocrx_word' id='word_1_73' title='bbox 1049 1150 1245 1238; x_wconf 50' lang='lat' dir='ltr'>{socchoth</span> <span class='ocrx_word' id='word_1_74' title='bbox 1270 1157 1426 1239; x_wconf 81' lang='grc' dir='ltr'><em>σημαίνει</em></span> 
     </span>
     <span class='ocr_line' id='line_1_10' title="bbox 271 1248 1426 1339; baseline 0.006 -25"><span class='ocrx_word' id='word_1_75' title='bbox 271 1248 334 1336; x_wconf 83' lang='grc' dir='ltr'>γὰρ</span> <span class='ocrx_word' id='word_1_76' title='bbox 356 1248 394 1315; x_wconf 85' lang='grc' dir='ltr'>τὸ</span> <span class='ocrx_word' id='word_1_77' title='bbox 419 1249 528 1338; x_wconf 78' lang='grc' dir='ltr'><em>ἱεροὺς</em></span> <span class='ocrx_word' id='word_1_78' title='bbox 554 1249 838 1337; x_wconf 78' lang='grc' dir='ltr'><em>νενομίσθαι.καί</em></span> <span class='ocrx_word' id='word_1_79' title='bbox 866 1251 937 1319; x_wconf 79' lang='grc' dir='ltr'><em>οἷον</em></span> <span class='ocrx_word' id='word_1_80' title='bbox 963 1255 1210 1339; x_wconf 73' lang='grc' dir='ltr'><em>καθιεροῦσθαι.</em></span> <span class='ocrx_word' id='word_1_81' title='bbox 1222 1252 1247 1334; x_wconf 76' lang='lat'>¹)</span> <span class='ocrx_word' id='word_1_82' title='bbox 1291 1255 1426 1339; x_wconf 78' lang='lat' dir='ltr'><strong>Spectat</strong></span> 
     </span>
     <span class='ocr_line' id='line_1_11' title="bbox 273 1352 1425 1440; baseline 0.005 -23"><span class='ocrx_word' id='word_1_83' title='bbox 273 1353 316 1435; x_wconf 87' lang='lat' dir='ltr'>is,</span> <span class='ocrx_word' id='word_1_84' title='bbox 340 1371 435 1434; x_wconf 87' lang='lat' dir='ltr'>quem</span> <span class='ocrx_word' id='word_1_85' title='bbox 457 1352 590 1421; x_wconf 89' lang='lat' dir='ltr'>Photius</span> <span class='ocrx_word' id='word_1_86' title='bbox 612 1361 740 1423; x_wconf 89' lang='lat' dir='ltr'>secutus</span> <span class='ocrx_word' id='word_1_87' title='bbox 763 1363 828 1439; x_wconf 89' lang='lat' dir='ltr'>est,</span> <span class='ocrx_word' id='word_1_88' title='bbox 851 1361 963 1423; x_wconf 79' lang='lat' dir='ltr'>auctor</span> <span class='ocrx_word' id='word_1_89' title='bbox 983 1354 1027 1422; x_wconf 88' lang='lat' dir='ltr'>ad</span> <span class='ocrx_word' id='word_1_90' title='bbox 1048 1354 1149 1421; x_wconf 88' lang='lat' dir='ltr'>Thue.</span> <span class='ocrx_word' id='word_1_91' title='bbox 1162 1355 1199 1421; x_wconf 85' lang='lat' dir='ltr'>V.</span> <span class='ocrx_word' id='word_1_92' title='bbox 1219 1359 1261 1440; x_wconf 85' lang='lat'>1.‚</span> <span class='ocrx_word' id='word_1_93' title='bbox 1284 1356 1340 1422; x_wconf 91' lang='lat' dir='ltr'>ubi</span> <span class='ocrx_word' id='word_1_94' title='bbox 1361 1354 1425 1423; x_wconf 90' lang='lat' dir='ltr'>hoc</span> 
     </span>
     <span class='ocr_line' id='line_1_12' title="bbox 273 1447 1425 1544; baseline -0.001 -24"><span class='ocrx_word' id='word_1_95' title='bbox 273 1460 379 1525; x_wconf 86' lang='lat' dir='ltr'>exstat</span> <span class='ocrx_word' id='word_1_96' title='bbox 408 1455 566 1522; x_wconf 83' lang='lat' dir='ltr'>scholion:</span> <span class='ocrx_word' id='word_1_97' title='bbox 605 1455 781 1544; x_wconf 73' lang='grc' dir='ltr'><em>ἰερῶσθαι]</em></span> <span class='ocrx_word' id='word_1_98' title='bbox 814 1460 987 1522; x_wconf 82' lang='grc' dir='ltr'><strong><em>τουτέστιν</em></strong></span> <span class='ocrx_word' id='word_1_99' title='bbox 1016 1455 1113 1542; x_wconf 66' lang='grc' dir='ltr'><em>ἱεροῖς</em></span> <span class='ocrx_word' id='word_1_100' title='bbox 1145 1447 1348 1521; x_wconf 76' lang='grc' dir='ltr'><em>ἀνακεῖσθαι</em></span> <span class='ocrx_word' id='word_1_101' title='bbox 1375 1460 1425 1542; x_wconf 74' lang='grc' dir='ltr'>τῴ</span> 
     </span>
     <span class='ocr_line' id='line_1_13' title="bbox 273 1556 1425 1645; baseline 0.004 -25"><span class='ocrx_word' id='word_1_102' title='bbox 273 1558 356 1641; x_wconf 71' lang='grc' dir='ltr'>θεῷ.</span> <span class='ocrx_word' id='word_1_103' title='bbox 401 1556 552 1640; x_wconf 76' lang='lat' dir='ltr'>(Codices</span> <span class='ocrx_word' id='word_1_104' title='bbox 574 1557 802 1645; x_wconf 86' lang='lat' dir='ltr'>Thucydideos</span> <span class='ocrx_word' id='word_1_105' title='bbox 830 1560 1006 1644; x_wconf 77' lang='lat' dir='ltr'>praeterr</span> <span class='ocrx_word' id='word_1_106' title='bbox 1033 1577 1143 1626; x_wconf 90' lang='lat' dir='ltr'>omnes</span> <span class='ocrx_word' id='word_1_107' title='bbox 1170 1559 1254 1625; x_wconf 81' lang='lat' dir='ltr'>falso</span> <span class='ocrx_word' id='word_1_108' title='bbox 1276 1557 1310 1625; x_wconf 92' lang='lat' dir='ltr'>in</span> <span class='ocrx_word' id='word_1_109' title='bbox 1332 1566 1425 1626; x_wconf 83' lang='lat' dir='ltr'>textu</span> 
     </span>
     <span class='ocr_line' id='line_1_14' title="bbox 272 1657 1425 1745; baseline 0.004 -22"><span class='ocrx_word' id='word_1_110' title='bbox 272 1659 427 1743; x_wconf 88' lang='lat' dir='ltr'>praebere</span> <span class='ocrx_word' id='word_1_111' title='bbox 458 1657 619 1745; x_wconf 70' lang='lat' dir='ltr'>tepuisset</span> <span class='ocrx_word' id='word_1_112' title='bbox 646 1661 779 1729; x_wconf 84' lang='lat' dir='ltr'>Bekher</span> <span class='ocrx_word' id='word_1_113' title='bbox 807 1659 969 1743; x_wconf 86' lang='lat' dir='ltr'>affirmat.)</span> <span class='ocrx_word' id='word_1_114' title='bbox 1006 1659 1104 1726; x_wconf 89' lang='lat' dir='ltr'>Vides</span> <span class='ocrx_word' id='word_1_115' title='bbox 1133 1659 1322 1726; x_wconf 89' lang='lat' dir='ltr'>sententiam</span> <span class='ocrx_word' id='word_1_116' title='bbox 1351 1679 1425 1728; x_wconf 88' lang='lat' dir='ltr'>esse</span> 
     </span>
     <span class='ocr_line' id='line_1_15' title="bbox 273 1758 1424 1848; baseline 0.003 -22"><span class='ocrx_word' id='word_1_117' title='bbox 273 1758 428 1845; x_wconf 88' lang='lat' dir='ltr'>eandem,·</span> <span class='ocrx_word' id='word_1_118' title='bbox 457 1761 557 1826; x_wconf 88' lang='lat' dir='ltr'>uerba</span> <span class='ocrx_word' id='word_1_119' title='bbox 583 1766 708 1829; x_wconf 86' lang='lat' dir='ltr'>tantum</span> <span class='ocrx_word' id='word_1_120' title='bbox 736 1761 929 1848; x_wconf 88' lang='lat' dir='ltr'>discrepare.</span> <span class='ocrx_word' id='word_1_121' title='bbox 974 1763 1049 1829; x_wconf 89' lang='lat' dir='ltr'>Pari</span> <span class='ocrx_word' id='word_1_122' title='bbox 1071 1760 1167 1829; x_wconf 90' lang='lat' dir='ltr'>modo</span> <span class='ocrx_word' id='word_1_123' title='bbox 1190 1762 1367 1846; x_wconf 82' lang='lat' dir='ltr'>explicatur</span> <span class='ocrx_word' id='word_1_124' title='bbox 1389 1763 1424 1829; x_wconf 90' lang='lat' dir='ltr'>in</span> 
     </span>
     <span class='ocr_line' id='line_1_16' title="bbox 271 1861 1425 1951; baseline -0.001 -23"><span class='ocrx_word' id='word_1_125' title='bbox 271 1862 376 1946; x_wconf 86' lang='lat' dir='ltr'>Etym.</span> <span class='ocrx_word' id='word_1_126' title='bbox 400 1861 483 1943; x_wconf 83' lang='lat' dir='ltr'>Mag.</span> <span class='ocrx_word' id='word_1_127' title='bbox 506 1882 537 1946; x_wconf 89' lang='lat' dir='ltr'>p.</span> <span class='ocrx_word' id='word_1_128' title='bbox 550 1865 623 1946; x_wconf 79' lang='lat'><strong>468,</strong></span> <span class='ocrx_word' id='word_1_129' title='bbox 636 1867 686 1929; x_wconf 85' lang='lat'>37.</span> <span class='ocrx_word' id='word_1_130' title='bbox 710 1864 888 1949; x_wconf 73' lang='grc' dir='ltr'><em>ἱερᾶσθαι·</em></span> <span class='ocrx_word' id='word_1_131' title='bbox 923 1864 1112 1950; x_wconf 77' lang='grc' dir='ltr'>ἱερουργεῖν.</span> <span class='ocrx_word' id='word_1_132' title='bbox 1138 1863 1194 1927; x_wconf 83' lang='grc' dir='ltr'>καὶ</span> <span class='ocrx_word' id='word_1_133' title='bbox 1219 1861 1425 1951; x_wconf 76' lang='grc' dir='ltr'><em>Θουκυδίδης</em></span> 
     </span>
     <span class='ocr_line' id='line_1_17' title="bbox 271 1959 1424 2048; baseline 0.003 -22"><span class='ocrx_word' id='word_1_134' title='bbox 271 1959 377 2040; x_wconf 76' lang='lat' dir='ltr'>„saud</span> <span class='ocrx_word' id='word_1_135' title='bbox 407 1959 446 2047; x_wconf 77' lang='grc' dir='ltr'>δή</span> <span class='ocrx_word' id='word_1_136' title='bbox 474 1985 549 2027; x_wconf 86' lang='grc' dir='ltr'>τινα</span> <span class='ocrx_word' id='word_1_137' title='bbox 578 1962 729 2030; x_wconf 78' lang='grc' dir='ltr'><em>παλαιὰν</em></span> <span class='ocrx_word' id='word_1_138' title='bbox 759 1964 892 2031; x_wconf 78' lang='grc' dir='ltr'>αἰτίαν“</span> <span class='ocrx_word' id='word_1_139' title='bbox 919 1965 998 2045; x_wconf 69' lang='lat' dir='ltr'>aad„</span> <span class='ocrx_word' id='word_1_140' title='bbox 1033 1965 1090 2033; x_wconf 90' lang='lat' dir='ltr'>uhi</span> <span class='ocrx_word' id='word_1_141' title='bbox 1119 1964 1309 2048; x_wconf 83' lang='lat' dir='ltr'>Sylburgius</span> <span class='ocrx_word' id='word_1_142' title='bbox 1336 1959 1354 2029; x_wconf 79' lang='grc' dir='ltr'>ὁ</span> <span class='ocrx_word' id='word_1_143' title='bbox 1386 1964 1424 2030; x_wconf 78' lang='grc' dir='ltr'>δὲ</span> 
     </span>
     <span class='ocr_line' id='line_1_18' title="bbox 274 2061 1426 2152; baseline 0.003 -22"><span class='ocrx_word' id='word_1_144' title='bbox 274 2061 479 2150; x_wconf 80' lang='grc' dir='ltr'><em>Θουκυδίδης</em></span> <span class='ocrx_word' id='word_1_145' title='bbox 500 2063 703 2133; x_wconf 89' lang='lat' dir='ltr'>scribendum</span> <span class='ocrx_word' id='word_1_146' title='bbox 729 2086 801 2134; x_wconf 88' lang='lat' dir='ltr'>esse</span> <span class='ocrx_word' id='word_1_147' title='bbox 823 2072 944 2152; x_wconf 87' lang='lat' dir='ltr'>censet;</span> <span class='ocrx_word' id='word_1_148' title='bbox 974 2066 1053 2135; x_wconf 87' lang='lat' dir='ltr'>mihi</span> <span class='ocrx_word' id='word_1_149' title='bbox 1076 2065 1274 2150; x_wconf 84' lang='lat' dir='ltr'>probabilius</span> <span class='ocrx_word' id='word_1_150' title='bbox 1295 2065 1426 2134; x_wconf 88' lang='lat' dir='ltr'>uidetur</span> 
     </span>
    </p>
   </div>
   <div class='ocr_carea' id='block_1_3' title="bbox 210 2165 1423 2371">
    <p class='ocr_par' dir='ltr' id='par_1_4' title="bbox 210 2165 1423 2371">
     <span class='ocr_line' id='line_1_19' title="bbox 271 2165 1423 2255; baseline 0.003 -24"><span class='ocrx_word' id='word_1_151' title='bbox 271 2165 425 2233; x_wconf 91' lang='lat' dir='ltr'>hocloco</span> <span class='ocrx_word' id='word_1_152' title='bbox 448 2166 596 2232; x_wconf 88' lang='lat' dir='ltr'>lacunam</span> <span class='ocrx_word' id='word_1_153' title='bbox 625 2173 766 2234; x_wconf 82' lang='lat' dir='ltr'>statuero</span> <span class='ocrx_word' id='word_1_154' title='bbox 797 2175 829 2234; x_wconf 90' lang='lat' dir='ltr'>et</span> <span class='ocrx_word' id='word_1_155' title='bbox 852 2168 1018 2255; x_wconf 73' lang='grc' dir='ltr'><em>ἰεριῦσθαι</em></span> <span class='ocrx_word' id='word_1_156' title='bbox 1041 2168 1222 2253; x_wconf 81' lang='lat' dir='ltr'>etymologo</span> <span class='ocrx_word' id='word_1_157' title='bbox 1245 2166 1423 2253; x_wconf 86' lang='lat' dir='ltr'>restituere,</span> 
     </span>
     <span class='ocr_line' id='line_1_20' title="bbox 210 2267 1423 2371; baseline 0.002 -40"><span class='ocrx_word' id='word_1_158' title='bbox 210 2322 214 2331; x_wconf 93' lang='lat'>.</span> <span class='ocrx_word' id='word_1_159' title='bbox 272 2286 368 2351; x_wconf 91' lang='lat' dir='ltr'>quem</span> <span class='ocrx_word' id='word_1_160' title='bbox 396 2268 556 2352; x_wconf 89' lang='lat' dir='ltr'>permulta</span> <span class='ocrx_word' id='word_1_161' title='bbox 585 2269 740 2336; x_wconf 91' lang='lat' dir='ltr'>ePhotio</span> <span class='ocrx_word' id='word_1_162' title='bbox 769 2269 803 2335; x_wconf 92' lang='lat' dir='ltr'>in</span> <span class='ocrx_word' id='word_1_163' title='bbox 831 2267 889 2336; x_wconf 87' lang='lat' dir='ltr'>sua</span> <span class='ocrx_word' id='word_1_164' title='bbox 911 2289 991 2337; x_wconf 89' lang='lat' dir='ltr'>uasa</span> <span class='ocrx_word' id='word_1_165' title='bbox 1019 2269 1229 2337; x_wconf 86' lang='lat' dir='ltr'>transfudisse</span> <span class='ocrx_word' id='word_1_166' title='bbox 1257 2276 1423 2371; x_wconf 84' lang='lat' dir='ltr'>consenta-</span> 
     </span>
    </p>
   </div>
   <div class='ocr_carea' id='block_1_4' title="bbox 270 2368 1424 2956">
    <p class='ocr_par' dir='ltr' id='par_1_5' title="bbox 270 2368 484 2451">
     <span class='ocr_line' id='line_1_21' title="bbox 270 2368 484 2451; baseline -0.014 -14"><span class='ocrx_word' id='word_1_167' title='bbox 270 2390 366 2437; x_wconf 92' lang='lat' dir='ltr'>neum</span> <span class='ocrx_word' id='word_1_168' title='bbox 390 2368 484 2451; x_wconf 68' lang='lat' dir='ltr'>eat)</span> 
     </span>
    </p>

    <p class='ocr_par' dir='ltr' id='par_1_6' title="bbox 272 2471 1424 2956">
     <span class='ocr_line' id='line_1_22' title="bbox 356 2471 1424 2558; baseline 0.003 -20"><span class='ocrx_word' id='word_1_169' title='bbox 356 2471 430 2538; x_wconf 88' lang='lat' dir='ltr'>Non</span> <span class='ocrx_word' id='word_1_170' title='bbox 458 2491 585 2555; x_wconf 89' lang='lat' dir='ltr'>semper</span> <span class='ocrx_word' id='word_1_171' title='bbox 612 2472 824 2539; x_wconf 88' lang='lat' dir='ltr'>atticistarum</span> <span class='ocrx_word' id='word_1_172' title='bbox 853 2474 958 2541; x_wconf 79' lang='lat' dir='ltr'>lexico</span> <span class='ocrx_word' id='word_1_173' title='bbox 987 2491 1120 2554; x_wconf 81' lang='lat' dir='ltr'>magnas</span> <span class='ocrx_word' id='word_1_174' title='bbox 1150 2472 1260 2558; x_wconf 88' lang='lat' dir='ltr'>copias</span> <span class='ocrx_word' id='word_1_175' title='bbox 1288 2473 1424 2557; x_wconf 82' lang='lat' dir='ltr'>singulis</span> 
     </span>
     <span class='ocr_line' id='line_1_23' title="bbox 273 2570 1422 2660; baseline 0.001 -21"><span class='ocrx_word' id='word_1_176' title='bbox 273 2570 416 2639; x_wconf 81' lang='lat' dir='ltr'>articulis</span> <span class='ocrx_word' id='word_1_177' title='bbox 438 2572 719 2657; x_wconf 84' lang='lat' dir='ltr'>comprehendisse</span> <span class='ocrx_word' id='word_1_178' title='bbox 741 2572 857 2641; x_wconf 90' lang='lat' dir='ltr'>docent</span> <span class='ocrx_word' id='word_1_179' title='bbox 878 2576 1007 2659; x_wconf 79' lang='lat' dir='ltr'>glossae</span> <span class='ocrx_word' id='word_1_180' title='bbox 1028 2575 1140 2660; x_wconf 91' lang='lat' dir='ltr'>Photi,</span> <span class='ocrx_word' id='word_1_181' title='bbox 1169 2574 1327 2659; x_wconf 89' lang='lat' dir='ltr'>Hesychi‚</span> <span class='ocrx_word' id='word_1_182' title='bbox 1350 2574 1422 2640; x_wconf 85' lang='lat' dir='ltr'>Sui·</span> 
     </span>
     <span class='ocr_line' id='line_1_24' title="bbox 272 2670 1423 2764; baseline 0.003 -24"><span class='ocrx_word' id='word_1_183' title='bbox 272 2672 334 2740; x_wconf 90' lang='lat' dir='ltr'>dae</span> <span class='ocrx_word' id='word_1_184' title='bbox 357 2670 604 2760; x_wconf 80' lang='grc' dir='ltr'><em>ἰσόρροπον·</em></span> <span class='ocrx_word' id='word_1_185' title='bbox 628 2672 793 2764; x_wconf 81' lang='grc' dir='ltr'><em>ἰσοβαρές,</em></span> <span class='ocrx_word' id='word_1_186' title='bbox 817 2674 1020 2756; x_wconf 83' lang='grc' dir='ltr'><em>ἰσοστάσιον,</em></span> <span class='ocrx_word' id='word_1_187' title='bbox 1044 2695 1127 2758; x_wconf 91' lang='lat' dir='ltr'>quae</span> <span class='ocrx_word' id='word_1_188' title='bbox 1145 2676 1335 2744; x_wconf 86' lang='lat' dir='ltr'>conueniunt</span> <span class='ocrx_word' id='word_1_189' title='bbox 1349 2696 1423 2743; x_wconf 89' lang='lat' dir='ltr'>cum</span> 
     </span>
     <span class='ocr_line' id='line_1_25' title="bbox 272 2775 1422 2864; baseline 0.002 -22"><span class='ocrx_word' id='word_1_190' title='bbox 272 2777 393 2844; x_wconf 90' lang='lat' dir='ltr'>scholio</span> <span class='ocrx_word' id='word_1_191' title='bbox 408 2776 508 2843; x_wconf 86' lang='lat' dir='ltr'>Thac.</span> <span class='ocrx_word' id='word_1_192' title='bbox 520 2777 560 2843; x_wconf 91' lang='grc' dir='ltr'>Π.</span> <span class='ocrx_word' id='word_1_193' title='bbox 573 2780 640 2842; x_wconf 80' lang='grc'><strong>42.;</strong></span> <span class='ocrx_word' id='word_1_194' title='bbox 663 2775 861 2864; x_wconf 75' lang='grc' dir='ltr'><em>ἰσόρροπος·</em></span> <span class='ocrx_word' id='word_1_195' title='bbox 886 2776 1088 2856; x_wconf 80' lang='grc' dir='ltr'><em>ἰσοστάσιος,</em></span> <span class='ocrx_word' id='word_1_196' title='bbox 1108 2777 1194 2861; x_wconf 87' lang='lat' dir='ltr'>quod</span> <span class='ocrx_word' id='word_1_197' title='bbox 1210 2777 1422 2844; x_wconf 87' lang='lat' dir='ltr'>atticistarum</span> 
     </span>
     <span class='ocr_line' id='line_1_26' title="bbox 272 2877 1422 2956; baseline 0.001 -12"><span class='ocrx_word' id='word_1_198' title='bbox 272 2897 343 2945; x_wconf 87' lang='lat' dir='ltr'>esse</span> <span class='ocrx_word' id='word_1_199' title='bbox 364 2877 440 2944; x_wconf 89' lang='lat' dir='ltr'>inde</span> <span class='ocrx_word' id='word_1_200' title='bbox 463 2877 627 2945; x_wconf 88' lang='lat' dir='ltr'>euincitur.</span> <span class='ocrx_word' id='word_1_201' title='bbox 664 2877 768 2956; x_wconf 79' lang='lat' dir='ltr'>Quam</span> <span class='ocrx_word' id='word_1_202' title='bbox 783 2878 826 2944; x_wconf 92' lang='lat' dir='ltr'>ob</span> <span class='ocrx_word' id='word_1_203' title='bbox 848 2898 978 2946; x_wconf 89' lang='lat' dir='ltr'>causam</span> <span class='ocrx_word' id='word_1_204' title='bbox 998 2880 1031 2945; x_wconf 90' lang='lat' dir='ltr'>in</span> <span class='ocrx_word' id='word_1_205' title='bbox 1050 2878 1194 2945; x_wconf 86' lang='lat' dir='ltr'>ordinem</span> <span class='ocrx_word' id='word_1_206' title='bbox 1209 2878 1422 2946; x_wconf 83' lang='lat' dir='ltr'>Schwartuia·</span> 
     </span>
    </p>
   </div>
   <div class='ocr_carea' id='block_1_5' title="bbox 267 3074 1422 4080">
    <p class='ocr_par' dir='ltr' id='par_1_7' title="bbox 268 3074 1422 3486">
     <span class='ocr_line' id='line_1_27' title="bbox 359 3074 1421 3150; baseline 0.002 -17"><span class='ocrx_word' id='word_1_207' title='bbox 359 3082 382 3143; x_wconf 79' lang='lat'>1)</span> <span class='ocrx_word' id='word_1_208' title='bbox 409 3074 492 3147; x_wconf 86' lang='lat' dir='ltr'>Apud</span> <span class='ocrx_word' id='word_1_209' title='bbox 514 3075 679 3145; x_wconf 86' lang='lat' dir='ltr'>Hesychium</span> <span class='ocrx_word' id='word_1_210' title='bbox 702 3078 821 3146; x_wconf 85' lang='lat' dir='ltr'>glossam</span> <span class='ocrx_word' id='word_1_211' title='bbox 844 3079 1018 3150; x_wconf 78' lang='lat' dir='ltr'>uehementer</span> <span class='ocrx_word' id='word_1_212' title='bbox 1044 3078 1242 3150; x_wconf 82' lang='lat' dir='ltr'>discrepantem</span> <span class='ocrx_word' id='word_1_213' title='bbox 1266 3078 1421 3135; x_wconf 88' lang='lat' dir='ltr'>iuuenimus</span> 
     </span>
     <span class='ocr_line' id='line_1_28' title="bbox 272 3158 1422 3236; baseline -0.001 -17"><span class='ocrx_word' id='word_1_214' title='bbox 272 3164 423 3236; x_wconf 71' lang='grc' dir='ltr'><em>ἱερῶσθαι·</em></span> <span class='ocrx_word' id='word_1_215' title='bbox 447 3158 529 3216; x_wconf 79' lang='grc' dir='ltr'><em>θιίιιν</em></span> <span class='ocrx_word' id='word_1_216' title='bbox 545 3158 686 3233; x_wconf 70' lang='grc' dir='ltr'><em>καθαροὺς</em></span> <span class='ocrx_word' id='word_1_217' title='bbox 705 3159 795 3217; x_wconf 67' lang='grc' dir='ltr'>ὄντας.</span> <span class='ocrx_word' id='word_1_218' title='bbox 830 3165 887 3218; x_wconf 82' lang='lat' dir='ltr'>Aut</span> <span class='ocrx_word' id='word_1_219' title='bbox 903 3163 1022 3234; x_wconf 86' lang='lat' dir='ltr'>Hesychi</span> <span class='ocrx_word' id='word_1_220' title='bbox 1039 3168 1135 3218; x_wconf 87' lang='lat' dir='ltr'>auctor</span> <span class='ocrx_word' id='word_1_221' title='bbox 1153 3163 1318 3235; x_wconf 83' lang='lat' dir='ltr'>Thucydidis</span> <span class='ocrx_word' id='word_1_222' title='bbox 1335 3164 1422 3218; x_wconf 88' lang='lat' dir='ltr'>uerba</span> 
     </span>
     <span class='ocr_line' id='line_1_29' title="bbox 269 3245 1419 3317; baseline 0.001 -15"><span class='ocrx_word' id='word_1_223' title='bbox 269 3249 341 3304; x_wconf 89' lang='lat' dir='ltr'>male</span> <span class='ocrx_word' id='word_1_224' title='bbox 357 3246 489 3302; x_wconf 81' lang='lat' dir='ltr'>intellexit</span> <span class='ocrx_word' id='word_1_225' title='bbox 506 3245 655 3317; x_wconf 74' lang='grc' dir='ltr'><em>(ἱερῶσθαι</em></span> <span class='ocrx_word' id='word_1_226' title='bbox 670 3246 742 3301; x_wconf 88' lang='lat' dir='ltr'>enim</span> <span class='ocrx_word' id='word_1_227' title='bbox 759 3248 868 3317; x_wconf 87' lang='lat' dir='ltr'>putauit</span> <span class='ocrx_word' id='word_1_228' title='bbox 885 3250 955 3306; x_wconf 92' lang='lat' dir='ltr'>idem</span> <span class='ocrx_word' id='word_1_229' title='bbox 972 3249 1064 3304; x_wconf 85' lang='lat' dir='ltr'>ualere</span> <span class='ocrx_word' id='word_1_230' title='bbox 1081 3245 1163 3317; x_wconf 84' lang='lat' dir='ltr'>atque</span> <span class='ocrx_word' id='word_1_231' title='bbox 1181 3263 1306 3311; x_wconf 85' lang='lat' dir='ltr'>„sacrum</span> <span class='ocrx_word' id='word_1_232' title='bbox 1323 3253 1419 3315; x_wconf 83' lang='lat' dir='ltr'>esse“)‚</span> 
     </span>
     <span class='ocr_line' id='line_1_30' title="bbox 269 3332 1419 3402; baseline -0.002 -14"><span class='ocrx_word' id='word_1_233' title='bbox 269 3337 317 3388; x_wconf 88' lang='lat' dir='ltr'>aut</span> <span class='ocrx_word' id='word_1_234' title='bbox 339 3333 425 3388; x_wconf 89' lang='lat' dir='ltr'>uerba</span> <span class='ocrx_word' id='word_1_235' title='bbox 448 3337 577 3402; x_wconf 82' lang='lat' dir='ltr'>corrupte</span> <span class='ocrx_word' id='word_1_236' title='bbox 594 3334 672 3398; x_wconf 83' lang='lat' dir='ltr'>suut,</span> <span class='ocrx_word' id='word_1_237' title='bbox 695 3337 742 3386; x_wconf 87' lang='lat' dir='ltr'>aut</span> <span class='ocrx_word' id='word_1_238' title='bbox 760 3332 926 3390; x_wconf 81' lang='lat' dir='ltr'>Schmidtius</span> <span class='ocrx_word' id='word_1_239' title='bbox 951 3347 1007 3387; x_wconf 92' lang='lat' dir='ltr'>nou</span> <span class='ocrx_word' id='word_1_240' title='bbox 1024 3336 1098 3387; x_wconf 84' lang='lat' dir='ltr'>recte</span> <span class='ocrx_word' id='word_1_241' title='bbox 1115 3332 1232 3402; x_wconf 81' lang='lat' dir='ltr'>glossam</span> <span class='ocrx_word' id='word_1_242' title='bbox 1255 3333 1361 3389; x_wconf 89' lang='lat' dir='ltr'>rettulit</span> <span class='ocrx_word' id='word_1_243' title='bbox 1382 3332 1419 3389; x_wconf 87' lang='lat' dir='ltr'>ad</span> 
     </span>
     <span class='ocr_line' id='line_1_31' title="bbox 268 3415 588 3486; baseline -0.006 -14"><span class='ocrx_word' id='word_1_244' title='bbox 268 3419 358 3472; x_wconf 86' lang='lat' dir='ltr'>locum</span> <span class='ocrx_word' id='word_1_245' title='bbox 376 3415 588 3486; x_wconf 86' lang='lat' dir='ltr'>Thucydideum.</span> 
     </span>
    </p>

    <p class='ocr_par' dir='ltr' id='par_1_8' title="bbox 267 3498 1420 4080">
     <span class='ocr_line' id='line_1_32' title="bbox 356 3498 1420 3574; baseline 0 -20"><span class='ocrx_word' id='word_1_246' title='bbox 356 3502 381 3564; x_wconf 80' lang='lat'>2)</span> <span class='ocrx_word' id='word_1_247' title='bbox 400 3499 519 3557; x_wconf 79' lang='lat' dir='ltr'>Thomas</span> <span class='ocrx_word' id='word_1_248' title='bbox 536 3501 666 3570; x_wconf 77' lang='lat' dir='ltr'>Magister</span> <span class='ocrx_word' id='word_1_249' title='bbox 683 3518 711 3571; x_wconf 86' lang='lat' dir='ltr'>p.</span> <span class='ocrx_word' id='word_1_250' title='bbox 722 3505 780 3558; x_wconf 81' lang='lat'><strong>186.</strong></span> <span class='ocrx_word' id='word_1_251' title='bbox 799 3502 914 3557; x_wconf 82' lang='lat' dir='ltr'>Ritseht.</span> <span class='ocrx_word' id='word_1_252' title='bbox 932 3501 1001 3557; x_wconf 72' lang='lat' dir='ltr'>haec</span> <span class='ocrx_word' id='word_1_253' title='bbox 1020 3501 1117 3557; x_wconf 80' lang='lat' dir='ltr'>habet:</span> <span class='ocrx_word' id='word_1_254' title='bbox 1135 3505 1181 3554; x_wconf 79' lang='grc' dir='ltr'>καὶ</span> <span class='ocrx_word' id='word_1_255' title='bbox 1199 3498 1355 3574; x_wconf 64' lang='lat' dir='ltr'>{aperiendae</span> <span class='ocrx_word' id='word_1_256' title='bbox 1372 3508 1420 3555; x_wconf 75' lang='grc' dir='ltr'>καὶ</span> 
     </span>
     <span class='ocr_line' id='line_1_33' title="bbox 268 3582 1419 3659; baseline -0.001 -19"><span class='ocrx_word' id='word_1_257' title='bbox 268 3583 485 3655; x_wconf 72' lang='grc' dir='ltr'><em>καθισρούεσθαι</em></span> <span class='ocrx_word' id='word_1_258' title='bbox 502 3587 549 3637; x_wconf 74' lang='grc' dir='ltr'>ἐπὶ</span> <span class='ocrx_word' id='word_1_259' title='bbox 567 3586 715 3654; x_wconf 64' lang='grc' dir='ltr'><em>θυομένων</em></span> <span class='ocrx_word' id='word_1_260' title='bbox 733 3586 848 3657; x_wconf 71' lang='grc' dir='ltr'>ἱερείων.</span> <span class='ocrx_word' id='word_1_261' title='bbox 866 3585 995 3657; x_wconf 73' lang='grc' dir='ltr'><em>ἱερᾶσθαι</em></span> <span class='ocrx_word' id='word_1_262' title='bbox 1013 3582 1044 3638; x_wconf 74' lang='grc' dir='ltr'>δὲ</span> <span class='ocrx_word' id='word_1_263' title='bbox 1055 3584 1142 3654; x_wconf 83' lang='grc' dir='ltr'><em>μόνον</em></span> <span class='ocrx_word' id='word_1_264' title='bbox 1155 3588 1202 3640; x_wconf 71' lang='grc' dir='ltr'>ἐπὶ</span> <span class='ocrx_word' id='word_1_265' title='bbox 1213 3588 1273 3640; x_wconf 81' lang='grc' dir='ltr'>τῶν</span> <span class='ocrx_word' id='word_1_266' title='bbox 1285 3588 1322 3641; x_wconf 67' lang='grc' dir='ltr'>εἰς</span> <span class='ocrx_word' id='word_1_267' title='bbox 1333 3585 1419 3659; x_wconf 67' lang='grc' dir='ltr'><em>ἱερέαν</em></span> 
     </span>
     <span class='ocr_line' id='line_1_34' title="bbox 269 3664 1418 3743; baseline 0.001 -18"><span class='ocrx_word' id='word_1_268' title='bbox 269 3668 432 3725; x_wconf 71' lang='grc' dir='ltr'>τοίοιίντων.</span> <span class='ocrx_word' id='word_1_269' title='bbox 450 3667 563 3740; x_wconf 69' lang='lat' dir='ltr'>tapsum</span> <span class='ocrx_word' id='word_1_270' title='bbox 579 3673 674 3737; x_wconf 75' lang='grc' dir='ltr'><em>μέντοι</em></span> <span class='ocrx_word' id='word_1_271' title='bbox 691 3674 737 3722; x_wconf 79' lang='grc' dir='ltr'>καὶ</span> <span class='ocrx_word' id='word_1_272' title='bbox 754 3670 928 3743; x_wconf 71' lang='grc' dir='ltr'><em>καθιερῶσαι</em></span> <span class='ocrx_word' id='word_1_273' title='bbox 945 3673 991 3723; x_wconf 71' lang='grc' dir='ltr'>ἐπὶ</span> <span class='ocrx_word' id='word_1_274' title='bbox 1008 3671 1067 3724; x_wconf 78' lang='grc' dir='ltr'>τῶν</span> <span class='ocrx_word' id='word_1_275' title='bbox 1084 3664 1285 3738; x_wconf 73' lang='grc' dir='ltr'>ἀναθημάτων.</span> <span class='ocrx_word' id='word_1_276' title='bbox 1315 3671 1418 3728; x_wconf 85' lang='lat' dir='ltr'>Ultima</span> 
     </span>
     <span class='ocr_line' id='line_1_35' title="bbox 267 3751 1418 3828; baseline 0 -18"><span class='ocrx_word' id='word_1_277' title='bbox 267 3755 353 3812; x_wconf 88' lang='lat' dir='ltr'>uerba</span> <span class='ocrx_word' id='word_1_278' title='bbox 375 3752 542 3810; x_wconf 85' lang='lat' dir='ltr'>Ritsehslius</span> <span class='ocrx_word' id='word_1_279' title='bbox 564 3751 594 3806; x_wconf 91' lang='lat' dir='ltr'>in</span> <span class='ocrx_word' id='word_1_280' title='bbox 616 3751 734 3823; x_wconf 76' lang='grc' dir='ltr'><em>ἱερεῦσαι</em></span> <span class='ocrx_word' id='word_1_281' title='bbox 756 3759 802 3807; x_wconf 74' lang='grc' dir='ltr'>καὶ</span> <span class='ocrx_word' id='word_1_282' title='bbox 825 3755 1004 3828; x_wconf 74' lang='grc' dir='ltr'><em>καθιερεῦσαι</em></span> <span class='ocrx_word' id='word_1_283' title='bbox 1025 3759 1130 3810; x_wconf 87' lang='lat' dir='ltr'>mutare</span> <span class='ocrx_word' id='word_1_284' title='bbox 1152 3755 1249 3811; x_wconf 87' lang='lat' dir='ltr'>uoluit.</span> <span class='ocrx_word' id='word_1_285' title='bbox 1285 3756 1338 3812; x_wconf 86' lang='lat' dir='ltr'>Sed</span> <span class='ocrx_word' id='word_1_286' title='bbox 1355 3770 1418 3810; x_wconf 87' lang='lat' dir='ltr'>oum</span> 
     </span>
     <span class='ocr_line' id='line_1_36' title="bbox 268 3836 1418 3911; baseline -0.002 -17"><span class='ocrx_word' id='word_1_287' title='bbox 268 3839 387 3896; x_wconf 85' lang='lat' dir='ltr'>Thomas</span> <span class='ocrx_word' id='word_1_288' title='bbox 398 3838 527 3908; x_wconf 76' lang='lat' dir='ltr'>Magister</span> <span class='ocrx_word' id='word_1_289' title='bbox 545 3836 702 3907; x_wconf 87' lang='lat' dir='ltr'>saepissime</span> <span class='ocrx_word' id='word_1_290' title='bbox 714 3837 899 3909; x_wconf 82' lang='lat' dir='ltr'>Thucydidem</span> <span class='ocrx_word' id='word_1_291' title='bbox 910 3840 1039 3911; x_wconf 85' lang='lat' dir='ltr'>respiciat</span> <span class='ocrx_word' id='word_1_292' title='bbox 1053 3845 1136 3909; x_wconf 85' lang='lat' dir='ltr'>atque</span> <span class='ocrx_word' id='word_1_293' title='bbox 1147 3839 1261 3896; x_wconf 84' lang='lat' dir='ltr'>Photius</span> <span class='ocrx_word' id='word_1_294' title='bbox 1272 3842 1290 3896; x_wconf 93' lang='lat' dir='ltr'>l.</span> <span class='ocrx_word' id='word_1_295' title='bbox 1300 3841 1318 3895; x_wconf 92' lang='lat' dir='ltr'>l.</span> <span class='ocrx_word' id='word_1_296' title='bbox 1337 3840 1418 3910; x_wconf 74' lang='grc' dir='ltr'><em>ἱερῶ-</em></span> 
     </span>
     <span class='ocr_line' id='line_1_37' title="bbox 269 3923 1418 3997; baseline 0.001 -21"><span class='ocrx_word' id='word_1_297' title='bbox 269 3924 340 3977; x_wconf 72' lang='grc' dir='ltr'><em>σθαι</em></span> <span class='ocrx_word' id='word_1_298' title='bbox 357 3929 403 3977; x_wconf 76' lang='grc' dir='ltr'>καὶ</span> <span class='ocrx_word' id='word_1_299' title='bbox 420 3923 617 3995; x_wconf 72' lang='grc' dir='ltr'><em>καθιερῶσθαι</em></span> <span class='ocrx_word' id='word_1_300' title='bbox 630 3926 723 3993; x_wconf 86' lang='lat' dir='ltr'>aperte</span> <span class='ocrx_word' id='word_1_301' title='bbox 735 3923 895 3993; x_wconf 81' lang='lat' dir='ltr'>coniungat,</span> <span class='ocrx_word' id='word_1_302' title='bbox 913 3941 969 3981; x_wconf 90' lang='lat' dir='ltr'>non</span> <span class='ocrx_word' id='word_1_303' title='bbox 985 3925 1079 3991; x_wconf 89' lang='lat' dir='ltr'>uideo,</span> <span class='ocrx_word' id='word_1_304' title='bbox 1098 3940 1147 3981; x_wconf 89' lang='lat' dir='ltr'>cur</span> <span class='ocrx_word' id='word_1_305' title='bbox 1164 3925 1286 3981; x_wconf 86' lang='lat' dir='ltr'>actiuum</span> <span class='ocrx_word' id='word_1_306' title='bbox 1304 3924 1418 3997; x_wconf 67' lang='lat' dir='ltr'>tepuisse</span> 
     </span>
     <span class='ocr_line' id='line_1_38' title="bbox 270 4007 1128 4080; baseline 0.001 -17"><span class='ocrx_word' id='word_1_307' title='bbox 270 4007 363 4063; x_wconf 88' lang='lat' dir='ltr'>eodem</span> <span class='ocrx_word' id='word_1_308' title='bbox 381 4022 462 4061; x_wconf 89' lang='lat' dir='ltr'>seusu</span> <span class='ocrx_word' id='word_1_309' title='bbox 480 4013 561 4076; x_wconf 87' lang='lat' dir='ltr'>atque</span> <span class='ocrx_word' id='word_1_310' title='bbox 579 4007 695 4080; x_wconf 77' lang='grc' dir='ltr'><em>ἱιριῦοαι</em></span> <span class='ocrx_word' id='word_1_311' title='bbox 712 4014 874 4079; x_wconf 87' lang='lat' dir='ltr'>usurpatum</span> <span class='ocrx_word' id='word_1_312' title='bbox 890 4009 975 4066; x_wconf 81' lang='lat' dir='ltr'>luisse</span> <span class='ocrx_word' id='word_1_313' title='bbox 993 4024 1128 4079; x_wconf 72' lang='lat' dir='ltr'>negemus.</span> 
     </span>
    </p>
   </div>
   <div class='ocr_carea' id='block_1_6' title="bbox 0 0 1576 4700">
    <p class='ocr_par' dir='ltr' id='par_1_9' title="bbox 0 0 1576 4700">
     <span class='ocr_line' id='line_1_39' title="bbox 0 0 1576 4700; baseline 0 3"><span class='ocrx_word' id='word_1_314' title='bbox 0 0 1576 4700; x_wconf 95' lang='lat' dir='ltr'> </span> 
     </span>
    </p>
   </div>
  </div>
 </body>
</html>
