3142 4700
314 311 355 369 68
738 310 872 363 Ernestus
889 308 1020 363 Schwabe

315 482 456 549 dubitari
478 503 541 548 non
563 501 658 567 posse
680 482 758 547 mihi
780 479 943 565 uideatur,
966 499 1160 561 quamquam
1185 482 1355 576 nonnullas
1377 482 1463 549 illius

314 583 511 667 suspiciones
541 583 748 668 comprobare
775 584 839 649 no'n
867 602 1005 666 possum.
1049 581 1192 647 Tertiam
1221 603 1281 667 ego
1304 585 1463 667 quaestio-

314 708 386 753 nem
410 686 608 752 tractandam
631 685 771 770 suscepi,
801 705 843 751 ex
864 683 995 750 scholiis
1016 681 1236 767 Thucydideis
1258 685 1336 769 quid
1361 685 1464 770 possit
1520 766 1524 773 x

315 787 425 871 profici
453 785 496 853 ad
525 791 647 853 textum
676 787 792 852 melius
824 783 1088 853 constituendum.
1132 786 1322 879 l’riusquam
1355 794 1463 854 autem

315 889 356 954 de
384 888 577 955 scholiorum
605 887 796 954 auctoritate
823 886 1029 971 dissererem,
1058 887 1098 952 de
1125 887 1252 953 illorum
1280 888 1463 955 auctoribus

315 989 474 1073 agendum
496 989 682 1073 uidebatur,
704 988 738 1054 id
760 989 849 1071 quod
869 988 945 1055 huic
965 988 1076 1055 libello
1098 989 1296 1073 propositum
1320 996 1378 1057 est.

533 1243 650 1310 CAPUT
672 1245 696 1310 l.
740 1242 793 1305 Dc
816 1242 971 1306 codicibus
993 1253 1026 1305 ct
1046 1222 1239 1306 editionibus.
1346 1316 1348 1320 ¹

401 1396 531 1464 Scholia
553 1395 765 1480 Thucydidea
785 1396 819 1462 in
842 1396 988 1462 omnihus
1009 1398 1091 1479 iere,
1123 1396 1177 1477 qui
1206 1396 1297 1464 nobis
1319 1396 1460 1463 innotue-

316 1507 402 1582 runt,
431 1494 593 1566 codicibus
615 1503 744 1564 seruata
764 1503 847 1564 sunt.
893 1498 943 1563 De
971 1498 1105 1580 singulis
1127 1497 1209 1564 dixit
1231 1497 1408 1565 Schoenius
1429 1499 1461 1565 in

316 1601 530 1687 praelatione,
554 1620 637 1683 quae
658 1599 791 1666 editioni
811 1598 885 1665 libri
906 1600 930 1666 1.
952 1604 985 1665 et
1005 1601 1046 1665 11.
1068 1600 1246 1684 praemissa
1269 1605 1331 1684 est,
1353 1601 1463 1684 ibique

316 1702 459 1770 Behkeri
480 1701 776 1769 animaduersiones
798 1701 948 1787 repetiuit
969 1706 1001 1767 et
1022 1701 1088 1766 suis
1104 1701 1202 1767 auxit.
1239 1702 1319 1767 (lum
1333 1702 1462 1771 aliunde

317 1807 456 1871 sciamus
471 1804 599 1871 codices
617 1808 741 1870 nostros
756 1802 892 1870 diuersis
908 1803 954 1869 uti
969 1801 1168 1887 archetypis,
1191 1802 1302 1869 nonin
1317 1804 1462 1871 omnibus

316 1906 430 1974 eadem
452 1904 574 1971 scholia
596 1924 667 1971 esse
689 1906 891 1990 perspicuum
914 1910 978 1987 est,
1007 1924 1104 1986 quam
1126 1925 1192 1970 rem
1219 1904 1266 1969 ita
1287 1925 1322 1972 se
1343 1907 1462 1974 habere

316 2008 437 2074 maiore
458 2006 620 2091 Popponis
642 2005 781 2072 editione
804 2007 857 2073 uel
879 2006 982 2072 obiter
1003 2006 1146 2090 inspecta
1168 2025 1349 2088 cognosces.
1387 2010 1460 2075 Per-

317 2111 418 2177 multa
446 2108 569 2176 soholia
598 2127 700 2190 eaque
718 2107 910 2175 'uetustioris
940 2108 1085 2192 originis,
1120 2102 1203 2189 quae
1234 2109 1268 2174 in
1300 2109 1462 2193 plerisque

315 2213 518 2282 inueniuntur
548 2209 727 2294 codicibus,
744 2194 869 2294 ¹Poppo
891 2210 978 2275 nullo
999 2208 1081 2292 siglo
1104 2209 1304 2292 significauit.
1349 2210 1462 2294 Singu-

314 2316 407 2407 laria,
429 2312 613 2400 posterioris
634 2312 834 2397 potissimum
857 2311 1002 2396 originis,
1024 2319 1153 2378 exstant
1174 2312 1206 2379 in
1224 2310 1387 2380 codicibus
1401 2314 1462 2380 Pa·

316 2419 416 2484 latino
447 2423 479 2483 et
499 2416 687 2498 Augustano
716 2433 890 2499 eorumque
917 2415 1119 2500 apographis.
1162 2412 1248 2493 Quid
1275 2415 1309 2481 in
1329 2415 1462 2499 singulis

317 2518 480 2585 codicibus
501 2517 694 2599 inueniatur,
717 2516 818 2582 donec
834 2514 966 2583 meliore
981 2515 1119 2582 editione
1135 2536 1291 2598 caremus,
1314 2523 1462 2583 accurate

317 2618 496 2704 significare
517 2639 580 2685 non
602 2637 784 2703 possumus:
815 2638 854 2683 ea
875 2624 1013 2702 mutum,
1043 2636 1126 2699 quae
1148 2617 1221 2683 hinc
1242 2618 1331 2686 illino
1353 2624 1460 2685 contu-

315 2722 421 2806 limus,
443 2721 560 2789 afferre
580 2720 686 2785 liceat.
724 2720 768 2787 Ut
790 2716 976 2803 Schoenius,
999 2719 1048 2786 uir
1070 2719 1280 2803 doctissimus,
1303 2720 1462 2804 benignis·
1565 2757 1566 2770 κ

317 2827 397 2892 sime
412 2844 534 2891 mecum
550 2820 810 2905 communicauit,
833 2820 988 2887 habemus
1009 2821 1041 2886 in
1063 2822 1336 2905 praestantissimo
1352 2822 1462 2888 codice
1564 2816 1565 2830 ¹

318 2926 529 2993 Laurentiano
553 2925 593 3007 0,
623 2930 658 2989 ut
679 2923 741 2990 hoc
762 2923 910 3006 exemplo
932 2929 1019 3005 utar,
1048 2923 1171 2990 scholia
1193 2924 1293 2990 tribus
1315 2924 1462 2991 manibus

317 3028 444 3110 addita,
473 3046 536 3093 non
557 3025 664 3109 magni
686 3023 798 3108 pretii:
828 3024 1015 3109 ueterrima,
1037 3044 1121 3106 quae
1149 3046 1221 3092 raro
1249 3026 1461 3111 inueniuntur,

229 3139 231 3142 ’
317 3131 341 3198 Ι.
357 3133 425 3195 114.
448 3164 489 3175 -
513 3127 581 3194 vll.
604 3129 654 3192 84.
698 3128 735 3192 ln
756 3126 903 3192 Palatino
926 3127 968 3210 Ε,
991 3147 1085 3209 quem
1107 3126 1177 3212 ipse
1202 3127 1284 3211 adii,
1307 3129 1462 3195 habemus

317 3231 440 3299 scholia
468 3235 590 3314 septem
619 3228 765 3310 manibus
796 3227 922 3311 addita,
951 3229 1008 3296 sed
1037 3248 1193 3311 nusquam
1222 3249 1318 3295 manu
1339 3229 1462 3295 librarii

242 3343 246 3350 ’
317 3332 416 3417 ipsius
438 3329 639 3415 conscripta,
653 3332 808 3415 pleraque
822 3331 959 3397 Tnetnea
980 3350 1083 3415 neque
1106 3332 1213 3414 magni
1235 3330 1338 3415 pretii.
1374 3332 1460 3398 Non-

317 3452 489 3515 numquam
512 3453 583 3498 cum
605 3433 661 3500 illo
679 3433 827 3499 conuenit
840 3430 1152 3506 codexBasileensis
1169 3434 1288 3499 saeculi
1302 3434 1382 3516 XV,
1403 3432 1462 3500 sed

318 3533 425 3599 nescio
448 3553 489 3598 an
512 3533 563 3599 hic
585 3533 688 3600 codex
710 3533 753 3599 sit
767 3532 976 3617 apographon
999 3539 1120 3600 tantum
1137 3533 1256 3600 codicis
1277 3534 1364 3601 illius
1379 3536 1460 3601 cele-

318 3634 456 3701 berrimi.
499 3636 549 3702 De
572 3633 733 3700 codicibus
754 3635 823 3700 AB
847 3642 1061 3717 exposuerunt
1079 3635 1210 3701 Behher
1232 3644 1264 3702 et
1286 3635 1463 3704 Schoenius

317 3739 337 3805 l.
354 3738 374 3802 l.
419 3734 553 3801 (lodices
574 3735 654 3818 ΡΗ,
676 3740 711 3802 ut
733 3756 751 3801 e
773 3736 935 3819 Popponis
965 3735 1103 3805 editione
1124 3736 1284 3821 uidemus,
1312 3737 1367 3820 qui
1387 3739 1462 3805 illos

298 3843 301 3848 '
318 3839 439 3924 optima
454 3835 583 3904 criticae
596 3836 675 3902 artis
696 3835 730 3900 in
744 3835 936 3920 Thucydide
951 3837 1147 3907 exercendae
1162 3840 1283 3906 auxilia
1297 3838 1462 3924 iudicauit,

317 3938 441 4005 scholia
461 3960 524 4005 non
546 3938 653 4022 exigui
674 3937 770 4023 pretii
792 3937 959 4023 exhibent,
983 3959 1066 4022 quae
1086 3947 1254 4022 utrumque
1281 3940 1398 4008 librum
1420 3964 1462 4009 ex

318 4040 429 4106 eodem
453 4041 626 4125 archetypo
649 4039 827 4106 deriuatum
857 4060 928 4107 esse
950 4039 1176 4108 demonstrant.
1218 4042 1332 4123 Neque
1353 4050 1461 4109 tamn
