3142 4700
289 308 306 366 7
311 310 329 365 0
712 307 847 360 Ernestus
864 304 993 360 Schwabe
1017 382 1020 387 Ι

373 478 500 547 Deinde
527 457 691 546 Bekker
718 478 751 543 in
779 476 919 545 editione
945 476 1023 566 anni
1044 479 1134 541 1821.
1157 475 1280 542 scholia
1308 476 1433 558 adiecit,

290 602 371 665 quae
387 580 502 665 editio,
517 582 643 648 etiamsi
658 600 784 664 semper
798 580 865 646 fere
879 576 1107 663 Popponianae
1123 577 1306 662 antefertur,
1329 584 1432 645 tamen

184 677 191 689 ’
288 683 337 750 illi
358 683 583 767 posthabenda
610 686 674 765 est,
704 680 781 764 quia
808 687 840 748 et
867 679 952 745 unde
974 678 1097 745 scholia
1119 678 1340 763 adscripserit,
1363 700 1431 746 nus·

290 805 386 868 quam
401 783 542 868 addidit,
565 792 598 850 et
620 784 749 869 saepius
767 781 891 848 scholia
905 781 1032 849 omnino
1048 780 1163 847 omisit.
1201 782 1339 848 Tnetzea
1353 777 1433 848 eninr

213 876 218 889 '
290 894 323 952 ct
350 887 503 953 nonnulla
531 886 597 953 alia
623 889 740 952 trustra
768 881 855 968 apud
882 884 973 950 illum
1003 877 1153 966 quaeres}
1184 884 1322 969 accedit,
1352 883 1434 966 qnod

290 988 467 1056 Schoenlus
488 989 521 1054 in
543 989 763 1055 nonnullorum
786 987 928 1054 locorum
950 986 1088 1052 lectione
1111 1006 1181 1052 cnm
1201 986 1350 1052 Bekhero
1374 986 1433 1052 dis·

290 1096 408 1176 crepat.
441 1091 478 1163 ln
493 1090 554 1156 hoc
569 1090 664 1173 igitur
679 1088 789 1156 libello
806 1106 932 1170 semper
946 1088 1131 1172 Popponem
1146 1108 1325 1170 sequemur.
1354 1089 1434 1153 Tum
1490 1086 1494 1093 '

291 1191 704 1259 Hoffmannus·Hassus
719 1191 841 1272 Mosqu.
858 1209 941 1256 anno
957 1192 1047 1255 1840.
1059 1188 1182 1254 scholia
1196 1188 1320 1269 adiecit,
1337 1209 1430 1272 quam

292 1295 463 1361 editionem
477 1313 540 1358 non
555 1291 631 1357 uidi.
669 1290 800 1358 Scholia
815 1313 835 1358 a
848 1291 1061 1358 Duebnero
1085 1289 1196 1357 addita
1211 1297 1285 1358 sunt
1305 1290 1434 1358 editioni

291 1382 648 1480 Didotianae‚'Parisiis
663 1414 745 1463 anno
760 1397 860 1476 1842,
884 1392 938 1478 qni
952 1398 1085 1477 ¹practer
1099 1395 1267 1460 nonnullas
1289 1393 1433 1460 emcnda-

293 1498 394 1565 tiones
416 1498 476 1563 sub
497 1497 592 1563 linem
613 1496 742 1563 additas
762 1494 843 1561 nihil
865 1495 939 1562 noui
960 1495 1117 1579 praebuit.
1153 1497 1317 1564 Postremo
1337 1496 1436 1563 edidit

291 1598 415 1666 scholia
436 1597 479 1665 ad
501 1589 557 1664 lib.
580 1599 603 1664 Ι.
626 1597 665 1664 ll.
694 1598 837 1663 maxima
857 1617 929 1664 curn
952 1595 1119 1678 diligentia
1140 1599 1178 1663 A.
1195 1599 1436 1682 Schoenida,

290 1702 432 1769 Berolini
453 1721 536 1767 anno
555 1704 663 1785 1874,
692 1700 746 1782 qui
774 1699 860 1781 quod
887 1718 967 1783 opus
992 1699 1176 1766 incohatum
1205 1719 1286 1766 nnnc
1315 1700 1438 1769 uidetur

292 1802 488 1888 seposuisse,
511 1802 789 1869 uehementissime
812 1801 984 1867 dolendum
1006 1806 1064 1867 est.
1097 1814 1099 1817 ·
1421 1874 1423 1876 ,

363 1904 564 1987 ·Singulares
586 1903 688 1970 libelli
710 1901 752 1968 de
774 1902 904 1969 scholiis
926 1910 1053 1987 praeter
1067 1903 1229 1989 Popponis
1250 1911 1436 1972 commenta·

293 2006 411 2073 tionem
426 2005 480 2089 (Η.
496 2012 521 2071 1.
537 2026 568 2089 p.
582 2008 631 2072 67.
643 2002 727 2088 sqq.)
748 2010 781 2070 ct
795 2004 977 2072 Roscheri
998 2006 1153 2072 adnotata
1168 2004 1322 2091 („Leben,
1340 2007 1438 2073 Werk

293 2129 323 2175 u.
342 2108 468 2176 Zeitalt.
491 2106 521 2172 d.
538 2104 664 2173 Thukf‘
686 2129 717 2191 p.
734 2107 821 2191 562.)
837 2105 900 2174 duo
917 2107 994 2174 mihi
1006 2108 1223 2176 innotuerunt:
1246 2109 1437 2190 Gosling-

293 2212 389 2293 sius,
412 2209 659 2277 Obseruationes
680 2209 713 2274 in
728 2208 926 2294 Thucydidis
948 2209 1079 2277 scholia.
1115 2210 1200 2276 Diss.
1214 2211 1320 2295 inaug.
1336 2210 1438 2296 Lugd.

293 2314 405 2379 Batau.
421 2332 450 2378 a.
465 2315 566 2395 1874,
581 2311 894 2395 Doberentzius,
912 2314 961 2379 lle
976 2311 1106 2379 scholiis
1120 2311 1339 2398 Thucydideis
1354 2333 1437 2381 com-

193 2403 195 2406 *
294 2416 456 2483 mentatio.
493 2415 578 2481 Diss.
602 2414 856 2482 Halisa1875.
939 2429 941 2434 ·

377 2516 447 2599 Ego
470 2537 525 2583 cur
546 2537 613 2583 rem
635 2515 739 2584 denuo
760 2515 1003 2583 instaurandam
1022 2535 1093 2597 esse
1114 2517 1303 2601 putauerim,
1326 2520 1438 2585 utrius·

295 2637 356 2701 que
390 2617 491 2685 libelli
523 2618 631 2685 indole
664 2618 743 2685 satis
776 2618 962 2703 explicatur.
1014 2617 1175 2703 Goslingsi
1204 2622 1438 2704 commentatio,

299 2740 498 2748 ῳ...

294 2786 396 2855 scripta
414 2791 500 2857 πηγαὶ
516 2784 567 2858 γάρ
585 2786 637 2838 εἰσι
653 2788 713 2840 τῶν
729 2792 802 2854 βίων
820 2784 913 2838 καλῶν
930 2790 1031 2850 τέχναι.
1061 2785 1186 2839 Ridiculo
1205 2801 1295 2841 errore
1311 2786 1441 2855 deceptus

294 2877 336 2926 est
351 2871 427 2925 initio
446 2869 565 2925 ciusdem
582 2870 692 2939 scholii,
711 2872 759 2925 ubi
775 2872 844 2926 haec
862 2886 877 2924 e
895 2869 988 2924 codice
1007 2871 1171 2925 enucleauit:
1199 2869 1282 2940 ψιλόν
1298 2889 1340 2924 τις
1357 2869 1442 2942 ἐξώρ-

295 2954 391 3007 θωσεν
415 2958 443 3009 et
466 2955 611 3009 nonnullas
635 2955 753 3020 litteras,
777 2971 793 3009 e
816 2954 914 3023 quibus
937 2956 1070 3008 Graccum
1094 2955 1206 3010 uerbum
1229 2956 1362 3024 expiscari
1386 2974 1442 3015 non

294 3039 391 3110 possis.
428 3038 555 3094 Duebnsr
579 3054 688 3093 uersum
712 3040 833 3109 expleuit
854 3038 951 3094 additis
969 3039 1111 3095 uocabulis
1130 3036 1161 3092 οὐ
1183 3044 1295 3106 Τςέτζης
1311 3038 1390 3106 τάδε,
1414 3049 1443 3097 et

294 3121 376 3193 paida
398 3131 553 3193 corruptum
577 3140 636 3179 esso
659 3124 782 3179 iudicans
806 3124 859 3178 hoc
880 3123 940 3178 loco
958 3124 1040 3193 Scylli
1064 3125 1204 3181 cuiusdam
1228 3142 1339 3191 nomen,
1362 3144 1444 3196 quem

294 3208 406 3264 Taetzes
425 3209 533 3277 saepius
551 3209 722 3278 perstringit,
740 3210 826 3264 latere
838 3207 959 3263 credidit.
990 3208 1041 3262 Sed
1059 3226 1103 3264 res
1120 3212 1204 3265 multo
1223 3210 1301 3265 ahter
1313 3219 1356 3265 est
1368 3229 1442 3267 conr-

293 3297 398 3364 parata.
434 3294 465 3348 In
484 3293 600 3348 Palatini
617 3294 688 3348 enim
705 3299 781 3349 textu
800 3293 962 3348 habemuse
979 3296 1018 3347 m¹
1036 3295 1222 3366 θαρσοῦντας,
1241 3296 1312 3363 quod
1330 3300 1369 3350 ιιι2
1382 3315 1443 3351 mu-

293 3371 364 3433 tauit
380 3379 408 3432 in
426 3378 610 3449 θαρσοῦντες,
629 3379 732 3449 quade
751 3378 887 3447 scriptura
904 3379 1016 3433 Taetzes
1034 3395 1159 3447 magnum
1176 3379 1242 3434 illud
1261 3397 1358 3449 poema
1375 3398 1442 3437 con·

293 3462 364 3517 l'ecit.
401 3463 455 3518 Sed
472 3463 536 3533 quid
552 3463 684 3518 faciamus
701 3464 748 3518 illo
766 3459 868 3532 paldo?
898 3463 960 3518 Iure
978 3464 1110 3528 editoreS,
1129 3464 1192 3531 quia
1210 3466 1319 3520 omnino
1337 3468 1444 3521 nullum

293 3547 407 3617 praebet
423 3564 540 3612 sensum,
558 3564 612 3602 non
630 3550 824 3603 tolerauerunt.
860 3548 889 3602 si
907 3564 972 3603 uero
990 3548 1110 3603 codicem
1127 3548 1238 3614 adieris,
1257 3558 1350 3619 aperte
1367 3553 1443 3619 legas

294 3627 402 3702 walda!
439 3631 498 3700 Qua
515 3647 585 3686 uoce
602 3631 728 3687 restituta
745 3632 850 3687 initium
868 3647 964 3685 uersus
982 3631 1090 3686 Tzetzei
1107 3639 1232 3688 sanatum
1250 3639 1305 3699 est,
1333 3653 1394 3691 cum
1413 3637 1446 3692 in

292 3715 422 3786 proximis
440 3734 481 3769 τις
497 3724 560 3785 post
577 3717 745 3789 ἐξώρθωσεν
756 3718 987 3786 transponendum
998 3717 1041 3771 sit.
1071 3717 1185 3788 Reliqua
1197 3736 1271 3787 uero,
1283 3721 1330 3791 qui
1341 3737 1445 3776 sanare

293 3801 408 3872 possim,
427 3817 483 3856 non
500 3800 595 3856 habeo.
631 3801 679 3854 Ille
697 3816 771 3856 error
789 3818 881 3856 omnes
898 3800 927 3854 in
950 3800 1081 3882 editiones
1098 3804 1225 3873 inrepsit,
1249 3808 1320 3862 unde
1338 3822 1444 3875 cogno-

293 3889 379 3943 scitur
396 3885 432 3941 ad
448 3901 546 3940 nouam
564 3885 708 3940 editionem
726 3888 873 3955 parandam
897 3886 976 3941 nouis
993 3888 1183 3945 collationibus
1201 3907 1270 3959 opus
1287 3906 1355 3945 esse.
1386 3892 1445 3946 lte·

294 3986 354 4025 rum
372 3971 473 4024 errauit
489 3971 584 4039 Poppo
601 3970 629 4024 in
648 3970 743 4025 eodem
760 3972 876 4034 scholio,
900 3971 929 4025 in
952 3988 1005 4040 quo
1023 3972 1134 4042 scripsit
1151 3991 1178 4028 u.
1191 3980 1216 4029 4.
1239 3972 1371 4044 μηδαμῶς
1389 3979 1445 4042 ζέε,

294 4053 342 4108 ubi
360 4053 445 4110 codex
461 4055 575 4123 praebet
592 4054 648 4123 ξέε,
666 4055 738 4124 quod
756 4057 834 4112 unice
851 4064 945 4127 aptum
962 4061 1011 4112 est.
