3142 4700
233 253 295 315 134
668 252 803 309 Erncctns
821 251 952 308 Schwabe

232 426 309 495 durn
331 444 418 509 esse,
441 444 537 508 quarn
558 425 699 508 glossam
720 424 766 490 ita
785 423 934 492 restituo:
956 421 1135 512 διετήοιος·
1160 417 1234 492 deal
1256 429 1315 492 τοῦ
1332 419 1377 494 δι’

233 525 336 608 δτους,
359 525 430 593 οἷον
448 518 529 591 καθ’
552 524 689 592 ἕκαστον
711 523 794 602 ἔτος.
834 526 1037 614 Θουκυδίδης
1058 529 1114 592 καὶ
1128 519 1381 617 Ἀριστοφάνης,

233 630 271 697 cf.
293 628 435 698 Bckkeri
455 628 576 697 Anecd.
599 651 631 716 p.
645 635 694 696 35.
716 630 857 697 Meineki
879 629 992 714 fragm.
1016 649 1096 697 com.
1118 648 1165 711 gr.
1182 634 1251 697 128.
1352 701 1357 711 ,

318 732 472 811 Quartum
487 731 668 817 exemplum
683 732 818 817 praebet
831 731 1012 816 Hesychius
1026 751 1052 799 s.
1068 753 1098 798 u.
1122 729 1290 819 ἐκβολή·
1313 758 1382 799 ιτα-

233 822 417 921 ράβασιςῆ
444 830 643 917 μετάβασις,
673 853 756 917 quae
784 835 894 916 glossa
921 832 964 900 ad
985 834 1119 901 uerbum
1142 835 1289 901 conuenit
1311 856 1382 904 cum

234 935 356 1004 scholio
372 935 574 1003 Thamiai.
618 935 670 1003 Ad
691 936 776 1002 hunc
797 936 903 1004 locum
924 937 1055 1021 respicit
1073 938 1215 1005 Thomas
1231 938 1383 1022 Magister

233 1057 266 1120 p.
281 1040 349 1101 150.
373 1036 423 1103 ed.
445 1037 596 1122 Ritsohl.,
625 1028 730 1121 neque
759 1041 867 1105 tamen
895 1038 1052 1105 consentit
1073 1058 1145 1107 cum
1168 1040 1229 1106 hoe
1250 1040 1381 1107 scholio.

233 1138 295 1204 Hie
322 1137 357 1203 id
385 1136 547 1207 affirmare
575 1141 686 1223 liceat,
717 1160 769 1206 me
796 1144 895 1205 totam
923 1141 1068 1222 eclogam
1090 1139 1289 1209 Thomana'm
1311 1162 1383 1226 per·

234 1244 409 1305 scrutatum
430 1242 553 1308 nullum
573 1243 679 1311 locum
701 1240 877 1326 inuenisse,
899 1242 955 1308 ubi
976 1242 1032 1313 ille
1054 1241 1097 1310 ad
1115 1244 1239 1311 scholia
1256 1243 1383 1328 Thucy-

235 1339 332 1407 didea
359 1342 552 1427 respexerit,
584 1343 730 1428 quamuis
760 1342 857 1409 fucrit
885 1343 1177 1431 φιλοθουκυδιδης.
1222 1343 1315 1424 Quod
1345 1366 1383 1412 eo

234 1442 412 1510 mirabilius
427 1448 484 1526 est,
503 1444 579 1526 quia
596 1446 706 1512 codiee
719 1443 920 1530 Thucydidis
935 1466 998 1512 non
1013 1448 1147 1515 meliore
1161 1467 1266 1531 neque
1281 1448 1382 1513 multo

235 1545 424 1629 uetustiore,
447 1565 543 1628 quam
566 1546 619 1627 qui
641 1548 828 1631 superstites
849 1552 936 1630 sunt,
959 1549 1029 1616 siue
1048 1549 1118 1634 ipse
1147 1548 1216 1617 sine
1237 1555 1384 1616 auctores

233 1645 320 1714 illius
341 1647 391 1714 usi
412 1653 494 1715 sunt.
1422 1650 1428 1659 ’

204 1758 213 1775 “
320 1750 388 1817 Nec
409 1750 512 1818 minus
527 1750 706 1835 Hesychius
720 1770 746 1816 s.
761 1772 793 1817 u.
818 1749 991 1837 Θριῶζε·
1015 1748 1063 1827 εἰς
1085 1747 1121 1817 τὸ
1140 1749 1302 1836 Θριάσιον
1321 1774 1384 1818 ιτε-

237 1848 308 1915 διου
338 1851 486 1918 conuenit
513 1871 585 1918 eum
613 1852 734 1920 scholio
757 1853 894 1925 Thuc.L
909 1858 977 1921 114.
1008 1854 1190 1939 Boysenum
1218 1853 1314 1938 igitur
1335 1875 1385 1923 se·

236 1957 326 2018 cutus
353 1951 437 2017 hanc
465 1953 606 2033 glossam
634 1954 782 2022 allisistis
804 1954 971 2022 restituere
998 1975 1063 2022 non
1084 1954 1205 2024 dubito.
1250 1956 1383 2023 Talibus

235 2052 375 2119 maxime
404 2052 498 2139 locis,
511 2054 693 2140 opinionem
720 2056 807 2123 illius
828 2056 948 2123 firmari
969 2057 1164 2142 putauerim,
1194 2056 1270 2140 quia
1297 2058 1385 2144 apud

235 2155 385 2222 Photium
412 2155 493 2223 haec
520 2157 645 2251 glossa'
661 2158 788 2248 omnino
816 2178 880 2226 non
908 2158 1068 2226 inuenitur
1089 2163 1122 2224 et
1141 2158 1228 2245 apud
1251 2159 1384 2227 Suidam

235 2258 354 2325 lemma
376 2265 498 2327 tantum
521 2264 636 2327 exstat.
679 2259 946 2347 Quandoquidem
973 2265 1140 2345 utrumque
1170 2282 1211 2330 ex
1232 2261 1383 2329 atticista-

235 2381 305 2428 rum
320 2361 434 2446 opibus
451 2382 511 2430 sua
524 2369 701 2431 mutuatum
717 2383 788 2431 esse
803 2370 941 2450 constat,
964 2363 1104 2433 maxime
1120 2364 1314 2451 miraremur,
1329 2386 1385 2433 cur

235 2462 284 2529 illi
310 2463 394 2530 hanc
420 2467 561 2548 glossam
588 2466 785 2551 omisissent,
814 2468 843 2533 si
864 2466 1082 2551 Diogenianus
1110 2465 1168 2550 (sc.
1190 2466 1384 2552 Hesychius)

236 2564 444 2633 atticistarum
470 2566 540 2635 fons
568 2568 687 2636 fuisset.
732 2568 791 2635 Sin
818 2575 925 2637 autom
946 2567 1197 2651 Diogenianum‚
1225 2569 1384 2654 Photium,

236 2666 369 2734 Suidam
390 2668 424 2735 in
445 2688 541 2736 unum
556 2670 700 2738 ordinem
717 2669 875 2754 cogimus,
896 2670 986 2738 nulla
1006 2677 1151 2738 mouetur
1172 2671 1319 2756 suspicio.

321 2770 476 2839 Extrema
503 2771 627 2840 accedit
648 2773 792 2858 Hesychi
819 2773 928 2855 glossa
949 2792 974 2839 a.
991 2794 1020 2839 u.
1043 2770 1248 2860 καταβοή·
1281 2797 1383 2839 κατα-

236 2869 370 2957 βόησις,
400 2872 538 2961 κραυγή,
567 2874 600 2941 in
628 2893 692 2956 qua
714 2879 897 2959 comparato
925 2873 1047 2941 scholio
1070 2873 1170 2941 Thue.
1185 2877 1210 2940 I.
1226 2877 1294 2943 la:
1331 2868 1385 2942 ὅτι

236 2975 438 3058 πρέσβευσις
458 2978 512 3040 καὶ
535 2973 738 3064 καταβόησις
757 2976 815 3041 καὶ
835 2972 981 3062 καταβοὴ
1004 2968 1042 3041 οὗ
1063 2976 1193 3060 λέγεται
1208 2974 1239 3041 εἰ
1252 2974 1297 3063 μὴ
1315 2976 1385 3064 ἰδίᾳ

237 3070 331 3159 παρὰ
357 3073 542 3162 Θουκυδίδῃ
572 3081 646 3144 ante
676 3096 788 3144 uocem
815 3075 1018 3165 καταβόησις
1044 3077 1233 3163 particulam
1260 3082 1317 3147 καὶ
1338 3081 1383 3146 in·

237 3197 394 3262 seremus,
424 3179 516 3259 colon
538 3185 611 3264 post
631 3177 693 3246 hoc
713 3180 905 3247 uocabulum
931 3186 1182 3264 transponamus.
1225 3180 1292 3247 Alii
1313 3181 1385 3267 loci,

239 3278 354 3361 quibus
375 3279 460 3348 hunc
480 3282 585 3349 locum
601 3281 811 3366 illustremus,
832 3301 896 3348 non
910 3280 1130 3367 suppeditant,
1152 3281 1211 3351 sed
1233 3280 1305 3367 ipsa
1321 3282 1383 3350 He-

239 3379 330 3464 sychi
351 3382 460 3466 glossa
480 3383 637 3452 atticistas
659 3389 804 3452 auctores
827 3403 898 3452 esse
924 3383 1003 3453 satis
1024 3381 1231 3453 demonstrat.

763 3656 782 3732 ς
803 3657 851 3719 12.

320 3780 427 3870 Photi,
442 3784 571 3867 sutae,
584 3787 736 3873 [Hesyehi
750 3789 855 3856 lexiea
869 3795 1040 3875 postquam
1054 3791 1260 3878 excussimus,
1282 3814 1386 3879 pauca

238 3890 361 3955 tantum
383 3908 485 3971 eaque
507 3887 610 3956 minus
625 3896 724 3975 certa,
746 3910 843 3973 qnam
865 3911 948 3976 quae
970 3891 1075 3959 adhuc
1097 3893 1271 3978 attulimus,
1293 3897 1387 3965 nohis

237 3985 388 4055 addenda
409 3996 482 4057 sunt
497 4011 538 4058 ex
553 3990 670 4059 ceteris
689 3992 802 4061 lexicis
824 4001 856 4063 et
870 3993 1066 4078 scholiastis,
1088 3993 1143 4078 qui
1157 3994 1201 4062 ad
1214 3996 1386 4082 scriptores
