3142 4700
342 297 518 365 Quaestiones
535 298 569 353 de
587 296 753 354 scholiorum
771 297 1005 368 Thuoytiideorum
1022 298 1151 354 tontibus.
1264 298 1321 359 121

176 474 329 555 congruat
350 490 422 537 oum
437 457 567 539 Photis:
589 467 819 556 στρατόπεδον
842 467 1061 557 ἐποιήσαντο·
1085 462 1160 537 όντὶ
1173 473 1233 536 τοῦ
1248 492 1326 559 σκη-

176 572 250 650 νός·
274 570 332 638 sto
355 565 416 659 γὰρ’
439 578 593 659 σημαίνει
615 566 634 661 ἡ
659 570 761 648 λέξις·
789 569 826 638 τὸ
850 571 1038 659 στράτευμα
1060 570 1195 638 καὶτὸν
1220 571 1326 640 τόπον

175 678 236 740 τοῦ
257 673 512 761 στρατεύματος,
535 672 652 741 deindo
667 693 739 741 oum
752 673 942 741 scholiasta:
965 671 1169 761 ἐτυμώτερον
1185 674 1221 739 δέ
1236 672 1326 741 ἐστιν

177 775 234 842 ἐπὶ
256 779 316 842 τοῦ
337 775 443 844 τόπον
466 777 642 862 λέγεσθαι,
672 773 743 841 οἷον
764 779 825 841 τοῦ
847 780 991 863 στρατοῦ
1011 773 1049 842 τὸ
1071 775 1186 843 πέδον.
1230 778 1327 863 Apud

178 877 410 946 schwartzium
431 880 515 945 hano
537 881 679 965 glossam
700 898 763 944 non
785 878 941 946 inuenies.

262 981 412 1063 Sequitur
434 983 523 1048 loeus
545 979 654 1046 Photi:
678 978 856 1068 σφαγὰς·
879 978 940 1058 τὰς
961 980 1178 1057 κατακλεῖδας
1199 984 1325 1046 Θουκυ-

177 1081 280 1169 δίδης.
303 1085 359 1148 καὶ
373 1081 451 1160 τοὺς
466 1080 600 1158 οἰστούς
615 1133 623 1146 .
641 1132 648 1147 .
666 1133 674 1147 .
708 1083 845 1167 Attingit
858 1088 969 1150 auetor
982 1084 1109 1165 glossae
1123 1083 1228 1149 looum
1239 1081 1326 1149 Thu-

177 1184 304 1268 cydidis
319 1186 372 1252 IV.
385 1189 454 1269 48„
482 1183 554 1268 ubi,
583 1184 742 1268 quomodo
765 1184 889 1252 nobiles
912 1186 1084 1268 Coroyraei
1104 1184 1167 1269 ipsi
1192 1190 1327 1249 mortem

176 1286 239 1355 sibi
255 1286 475 1370 oonsoiuerint,
498 1290 670 1352 enarratur.
705 1286 839 1353 Photius
853 1286 959 1353 losum
973 1285 1178 1369 indiligenter
1199 1307 1218 1353 e
1239 1289 1327 1353 fonte

177 1409 235 1455 suo
249 1387 455 1474 deprompsit,
476 1408 548 1454 oum
567 1387 667 1454 uerba
687 1389 888 1473 grauissima,
910 1389 952 1456 de
973 1389 1089 1471 quibus
1111 1389 1189 1454 solis
1210 1388 1325 1471 agitur,

176 1494 341 1556 καθίεσαν
369 1487 403 1567 ἐς
429 1486 490 1567 τὰς
519 1488 651 1575 σφαγάς
678 1492 775 1574 plane
804 1491 973 1557 omitteret.
1018 1488 1139 1556 Soholii
1159 1490 1203 1556 ad
1225 1489 1326 1557 Thus.
1367 1517 1370 1522 ·

174 1592 230 1659 IV.
247 1595 297 1659 48.
320 1590 451 1658 eosdem
473 1598 619 1660 auotores
635 1612 706 1658 esse
721 1610 760 1657 ao
773 1592 884 1658 Photi:
907 1589 941 1667 ἐς
955 1589 1015 1668 τὰς
1030 1588 1171 1678 σφαγάς]
1195 1588 1326 1678 σφαγὴν

176 1693 314 1760 καλοῦσι
334 1689 372 1758 τδ
396 1691 480 1757 κατὰ
502 1691 562 1780 τὴν
583 1693 696 1759 κλεῖδα
717 1696 776 1758 τοῦ
797 1685 982 1777 όινδρώποο
1003 1696 1113 1776 μέρος,
1137 1685 1183 1758 δι’
1206 1686 1244 1758 οὗ
1266 1718 1325 1758 κα-

177 1797 279 1861 θιᾶσι
299 1791 341 1860 τόν
365 1792 500 1881 σιδήρια
522 1794 555 1860 ot
582 1791 757 1871 ἐθέλοντες
784 1792 927 1871 ἑαυτοὺς,
950 1786 1094 1879 ἀνελεῖν,
1121 1816 1184 1865 non
1211 1794 1325 1862 infitia-

177 1898 290 1964 bimur.
334 1896 514 1980 Hesychius
536 1903 715 1983 corruptam
738 1897 836 1963 habet
854 1898 995 1979 glossam
1017 1890 1034 1961 ὁ
1051 1893 1135 1961 κατὰ
1150 1892 1209 1982 τὴν
1223 1920 1326 1962 κατα-

176 1997 290 2065 κλεῖδα
311 1995 426 2075 τόπος.
462 1997 674 2076 κατακλεῑδες
695 1998 780 2065 euim
803 2006 875 2065 sunt
896 2004 1005 2084 partes
1028 1999 1168 2084 eorporis
1195 1999 1327 2066 humani

176 2100 285 2167 κλειδλ-
298 2100 483 2185 suppositae
498 2106 596 2183 atque
616 2101 702 2169 idem
724 2100 905 2194 significant
919 2108 1015 2184 atque
1038 2106 1176 2188 σφαγαί.
1214 2103 1326 2183 ltaque

176 2204 277 2270 altero
298 2200 382 2268 κατά
404 2208 525 2271 remoto
547 2212 668 2270 reatum
689 2223 818 2269 sensum
842 2202 876 2268 in
897 2203 1040 2289 Hesyohi
1065 2204 1174 2287 glossa
1200 2204 1326 2270 restitn-

176 2312 243 2373 tnm
258 2323 330 2373 esse
345 2324 438 2372 nemo
453 2303 624 2391 negabit.¹)
661 2307 796 2392 Propter
810 2305 952 2391 Hesyohi
969 2305 1111 2386 glossam
1126 2305 1327 2389 Goslingsius

177 2431 208 2494 p.
221 2412 272 2473 24.
295 2407 401 2473 loeum
416 2412 559 2474 nostrum
573 2406 616 2471 ad
630 2405 806 2490 Didymum
825 2407 931 2490 refert,
953 2406 1040 2491 quod
1060 2427 1124 2473 non
1145 2409 1327 2491 probamus.

178 2511 328 2593 eipso.

264 2608 417 2688 Quaestio
431 2607 570 2675 difficilis
585 2616 634 2675 est
648 2610 690 2676 ds
708 2609 875 2676 uocabulis
898 2604 1073 2695 ὑπάγειν
1095 2607 1141 2687 ἐς
1158 2609 1274 2698 δίκην
1296 2618 1329 2679 et
1390 2599 1394 2608 ’

178 2706 391 2795 δπαγωγαλ.
423 2710 586 2778 Habemus
601 2711 686 2778 enim
700 2712 842 2794 glossam
851 2711 946 2777 Photi
960 2706 1156 2797 δπαγωγός·
1172 2709 1233 2788 τὰς
1247 2705 1328 2778 όνα-

149 2823 158 2842 ’
175 2810 339 2900 χαιρήσεις
354 2809 484 2888 διώξεις
498 2813 552 2877 καὶ
568 2806 749 2897 δπαγωγός
764 2833 849 2899 φησι
866 2812 1079 2899 Θονκυδίδης.
1113 2813 1236 2881 Eadem
1250 2814 1328 2898 legi·

180 2934 250 2982 mus
264 2913 352 3000 apud
367 2912 500 2980 Suidam
515 2913 625 2982 addito
637 2915 797 3000 Agathise
811 2916 892 2982 looo.
922 2914 1063 2994 Quorum
1077 2922 1189 2983 auotor
1203 2915 1329 2983 uidetur

180 3025 343 3102 spectasse
357 3014 401 3082 ad
412 3014 512 3083 Thno.
521 3016 579 3083 111.
590 3019 651 3099 97„
666 3016 723 3083 ubi
736 3018 769 3082 in
784 3017 894 3084 ood.F
910 3016 1065 3083 habemus
1079 3016 1225 3084 soholion
1240 3013 1328 3084 ὑπα-

178 3123 298 3205 γωγαί·
323 3110 557 3206 ἆναχιόρησεις.
594 3118 630 3184 Si
651 3118 739 3203 apud
760 3118 958 3203 Hesychium
979 3118 1130 3202 legimus:
1152 3114 1327 3208 ὖπαμωγή·

179 3206 400 3308 δποχῶρησις,
422 3220 503 3286 haeo
517 3220 626 3303 glossa
641 3219 710 3286 sine
725 3221 823 3287 dubio
839 3240 879 3286 ex
895 3220 1009 3287 eodem
1025 3220 1113 3288 fonte
1134 3220 1235 3304 fluxit,
1258 3242 1329 3289 eum

179 3319 393 3410 ὑποχώρησις
419 3320 506 3388 idem
527 3321 595 3389 fers
616 3321 774 3406 significet
803 3328 900 3402 atque
930 3313 1147 3408 ἀναχώρησις.
1191 3323 1329 3392 Librarii

178 3425 314 3493 fortasse
343 3424 437 3508 eulpa
470 3421 558 3506 (nam
585 3424 692 3490 nullus
719 3424 786 3490 fere
815 3422 919 3490 oodex
946 3424 1042 3491 taoile
1071 3423 1253 3497 mendosior
1279 3433 1330 3495 est

178 3524 354 3610 Martiano)
375 3524 462 3592 idem
477 3526 627 3593 mendum
642 3524 818 3592 admissum
833 3530 890 3608 est,
914 3525 1000 3608 qnod
1016 3525 1081 3591 iam
1103 3546 1127 3593 s.
1144 3548 1174 3593 u.
1199 3528 1330 3616 σφαγάς

267 3712 291 3776 1)
309 3709 377 3764 Poll.
391 3709 425 3763 11.
443 3714 512 3764 tea:
536 3707 653 3764 κλειδῶν
670 3707 701 3764 δὲ
716 3708 748 3764 τὸ
766 3712 818 3778 μὲν
835 3707 902 3781 πρδε
920 3705 1084 3778 ὠμοπλάτας
1106 3713 1224 3780 suopte,
1249 3711 1281 3765 τὸ
1300 3710 1330 3765 os

179 3794 248 3867 arpos
261 3790 395 3865 τράχηλον
412 3801 601 3866 παρασφαγῖε,
617 3789 662 3849 ότι
678 3794 711 3849 τὸ
728 3794 834 3860 κοῖλον,
852 3781 869 3865 ᾗ
887 3796 1020 3849 σνστᾶσιν
1037 3796 1068 3849 αι’
1083 3793 1189 3860 κλεῖδες,
1207 3795 1330 3852 καλεῖται

178 3877 284 3952 opust,
300 3873 351 3933 ὑπ’
371 3881 454 3932 ἐνίων
472 3875 564 3932 δὲκαὶ
582 3879 677 3947 θυμός.
707 3880 742 3934 11.
757 3886 829 3936 itia:
848 3878 880 3933 τὸ
897 3877 928 3934 δι’
944 3875 999 3935 ὑπὸ
1016 3880 1048 3935 τὸ
1066 3884 1180 3950 στέρνον
1197 3880 1329 3952 ἔγκοιλον,

178 3961 196 4021 ὃ
212 3963 325 4018 καλοῦσι
342 3961 450 4035 σφαγὴν
466 3968 512 4016 καὶ
528 3960 704 4036 ἀντικόρδιον
720 3961 772 4019 ὑπ’
788 3968 872 4019 ἐνίων
883 3961 1052 4025 ὠνόμασται.
1082 3964 1125 4018 De
1141 3980 1210 4021 uoce
1227 3968 1328 4021 *uasa-

179 4049 249 4104 κλαῖε
267 4049 375 4106 omnino
393 4048 460 4104 nihil
477 4048 585 4104 sumus.
