3142 4700
344 337 520 406 Quaestiones
538 336 572 393 de
589 337 753 393 scholiorum
770 336 1005 408 Thucydideornm
1022 339 1152 394 fontibus.
1268 340 1326 396 141

178 511 302 577 saniem
324 509 507 577 referendas
535 528 606 576 esse
628 510 854 579 existimarem.
897 511 1048 579 Fortasse
1069 512 1122 578 bic
1149 511 1216 578 illic
1237 512 1327 579 scho-

177 614 244 681 lion
273 613 402 679 minoris
430 611 524 696 pretii
553 612 661 696 omisi,
691 611 750 678 sed
778 613 860 680 hano
888 613 1107 697 quaestionem
1136 635 1157 680 a
1183 635 1247 681 me.
1263 636 1328 681 non

178 714 265 783 omni
287 737 328 782 ex
350 721 442 801 parte
463 716 645 782 absolutam
668 734 739 780 csse
768 735 872 798 neque
895 716 1020 782 absolui
1041 717 1183 800 potuisse
1206 717 1325 801 optime

177 819 260 902 scio,
283 837 387 901 nequo
403 816 529 900 dubito,
553 817 628 899 quin
650 816 783 882 meliora
799 824 832 883 et
848 817 990 884 auctiora
1004 818 1045 885 de
1060 816 1259 903 Thucydidis
1280 820 1326 884 in-

177 920 370 1004 terpretibus
399 919 493 987 etde
515 919 758 997 scholiastarum
780 918 921 984 fontibus
943 919 1006 985 dici
1027 928 1172 1004 possent,
1196 921 1257 985 nisi
1279 926 1326 986 tot

177 1022 284 1089 lexica
305 1021 412 1087 adhuc
433 1020 466 1086 in
489 1020 753 1087 bibliothecarum
776 1020 916 1086 tenebris
946 1021 1099 1106 laterent,
1127 1022 1189 1088 nisi
1210 1022 1326 1089 lexico-

177 1145 247 1189 rum
270 1124 467 1208 cognitorum
490 1123 579 1206 origo
601 1131 698 1206 atque
721 1122 861 1189 affinitas
883 1130 949 1188 tam
967 1128 1053 1187 esset
1068 1124 1205 1190 obscura
1227 1128 1259 1189 et
1280 1125 1326 1189 inss

178 1225 308 1310 tricata,
330 1224 392 1291 nisi
414 1246 454 1292 ea
475 1230 541 1291 tam
564 1225 679 1291 misere
702 1230 851 1309 corrupta
871 1229 903 1288 et
918 1229 1080 1290 contracta
1095 1232 1210 1292 essent.
1247 1225 1327 1291 Mihi

177 1328 257 1393 satis
286 1332 335 1393 est
367 1325 601 1394 demonstrasse
628 1326 755 1392 Aelium
783 1325 974 1410 Dionysium
1002 1332 1035 1391 et
1062 1328 1253 1393 Pausaniam
1283 1329 1329 1393 ita

177 1430 209 1496 in
231 1428 360 1496 scholiis
377 1428 596 1515 Thucydideis
618 1432 788 1513 usurpatos
810 1448 891 1512 esse,
913 1434 1032 1496 utnon
1054 1429 1096 1496 ad
1118 1430 1250 1495 uerbum
1272 1451 1328 1496 ex-

136 1615 139 1621 ,
178 1532 289 1617 scripti
309 1531 428 1598 sint-
446 1550 639 1614 quamquam
661 1530 696 1595 id
715 1550 843 1613 quoque
864 1530 991 1614 saepius
1014 1533 1133 1597 factum
1155 1549 1226 1597 esse
1247 1530 1327 1597 uidi-

177 1655 248 1702 mus
270 1670 312 1680 -
334 1633 393 1700 sed
415 1640 450 1698 ut
470 1653 574 1699 rerum
603 1653 743 1700 summas
765 1631 972 1717 scholiastae,
1002 1632 1109 1715 quoad
1137 1633 1171 1699 id
1199 1633 1263 1698 illis
1285 1632 1328 1697 ad

178 1734 405 1823 explicandum
428 1735 651 1819 Thucydidem
674 1735 750 1801 utile
774 1754 844 1801 esse
869 1735 1047 1820 uideretur,
1069 1736 1113 1801 ad
1135 1755 1210 1801 suas
1232 1735 1327 1800 inter·

176 1840 373 1925 pretationes
395 1836 615 1922 adhibuerint,
645 1838 731 1919 quod
754 1837 853 1903 multo
876 1836 1005 1921 saepius
1025 1837 1144 1903 factum
1167 1857 1238 1903 esse
1261 1837 1328 1904 ani-

178 1941 426 2023 maduertimus,
450 1960 545 2024 quam
568 1946 601 2005 et
622 1939 823 2023 Goslingsius
844 1938 1018 2006 arbitratus
1040 1944 1089 2006 est
1111 1946 1143 2004 et
1161 1941 1328 2023 Boysenus

176 2065 207 2130 p.
221 2048 272 2110 73.
295 2042 476 2110 affirmauit.
1238 2058 1240 2061 ·

620 2362 842 2431 APPENDIX
862 2361 887 2428 I.

235 2504 288 2565 Dc
315 2500 534 2564 additamentis
558 2502 747 2583 posterioris
769 2502 880 2564 aetatis
908 2512 939 2564 et
960 2500 999 2563 dc
1026 2510 1181 2583 tempore,
1210 2521 1270 2585 quo

234 2604 355 2667 scholio
381 2602 581 2687 Thucydideo
608 2603 640 2663 in
662 2619 745 2675 cam,
774 2624 854 2687 quac
875 2623 956 2665 nuuc
983 2612 1104 2676 cartul,
1125 2602 1272 2685 sormam

585 2704 716 2766 reductu
737 2704 913 2766 uideantur.

265 2858 396 2925 Scholia
410 2857 500 2925 initio
522 2856 675 2923 librorum
690 2855 981 2940 Thucydideorum,
1003 2862 1039 2923 ut
1052 2856 1119 2924 fere
1136 2877 1262 2943 semper
1283 2855 1330 2941 fit,

179 2961 280 3028 multo
303 2960 452 3027 uberiora
473 2966 555 3045 sunt,
578 2960 638 3027 sub
659 2957 754 3026 finem
777 2963 884 3025 autem
906 2958 1012 3044 operis
1034 2964 1098 3025 tam
1122 2959 1220 3026 exilia
1240 2958 1329 3043 fiunt,

178 3070 215 3129 ut
238 3063 292 3128 uix
315 3062 487 3146 quicquam
510 3062 613 3129 bonae
635 3061 734 3145 frugis
757 3083 798 3129 ex
820 3061 885 3127 illis
914 3062 987 3147 oapi
1013 3060 1124 3147 possit.
1167 3063 1331 3129 Permulta

180 3166 288 3232 insunt
307 3163 491 3251 posterioris
514 3162 629 3230 aetatis
651 3161 888 3247 additamenta,
917 3163 1075 3230 interdum
1103 3163 1182 3230 satis
1210 3162 1328 3248 inepta,

180 3268 307 3351 quade
330 3287 365 3332 re
384 3267 450 3332 iarn
480 3265 600 3351 optime
622 3264 822 3348 Goslingsius
851 3265 940 3330 initio
962 3264 1065 3331 libelli
1092 3264 1141 3328 sui
1171 3264 1328 3347 exposuit.

180 3367 248 3436 Sed
262 3368 304 3434 de
318 3368 462 3454 pluribus
476 3368 590 3450 tacuit;
614 3386 696 3449 quae
712 3387 783 3433 cum
805 3368 838 3433 in
852 3365 999 3434 omnibus
1017 3364 1180 3433 codicibus
1195 3365 1330 3433 inueniri

179 3459 366 3554 uideantur,
395 3489 513 3556 operae
541 3470 677 3555 pretium
704 3468 800 3536 fuerit
828 3469 861 3532 in
887 3467 945 3533 illa
967 3467 1128 3550 inquirere
1149 3472 1246 3551 atque
1275 3487 1329 3532 ex-

180 3574 324 3659 plorare,
352 3592 491 3655 quonam
512 3570 641 3637 tandem
663 3577 807 3655 tempore
832 3568 955 3637 scholia
975 3568 1009 3634 in
1031 3589 1120 3653 eam,
1148 3586 1244 3649 quam
1272 3588 1331 3636 nos

179 3674 345 3757 habemus,
366 3674 501 3742 formam
522 3674 654 3740 redacta
675 3673 852 3739 uideantur.
1244 3672 1248 3677 ’

267 3777 346 3842 Gnm
369 3795 466 3861 supra
495 3776 734 3860 exposuerimus
761 3773 886 3840 scholia
907 3771 1118 3856 Thucydiden
1144 3769 1284 3836 maxime
1312 3792 1329 3837 θ

180 3878 330 3961 fontibus,
354 3878 408 3958 qui
422 3876 498 3943 inde
513 3898 534 3942 a
547 3877 648 3962 primo
671 3895 771 3957 usque
794 3874 836 3940 ad
859 3880 1006 3956 quartum
1020 3878 1101 3967 post
1117 3870 1190 3937 Chr.
1206 3892 1236 3936 n.
1259 3891 1329 3937 sae-

181 3981 296 4047 culum
310 3979 479 4064 pertinent,
502 3980 617 4045 hausta
635 3998 714 4060 esse,
736 3977 914 4061 terminum,
937 3982 1010 4060 post
1032 3993 1127 4056 quem
1148 3973 1181 4038 in
1204 3973 1328 4039 hodier-

180 4105 256 4149 nam
278 4082 413 4150 formam
434 4080 567 4148 redacta
588 4081 661 4164 sint,
684 4079 849 4145 babemus.
892 4075 1057 4144 Accedunt
1078 4080 1185 4142 autem
1208 4073 1330 4141 scholia
