3142 4700
285 271 346 332 102
503 298 509 305 «
723 265 858 323 Ernestus
875 263 1007 322 Schwabe

284 440 365 508 haee
386 439 498 506 habet:
521 439 638 525 κῆπος.
661 434 870 523 παράδεισος
891 433 986 523 παρὰ
1001 410 1151 521 Πέρσαις
1166 423 1186 522 ἢ
1203 429 1292 512 εἶδος
1306 438 1437 522 κουρᾶς,

283 539 323 629 ἢν
346 541 379 607 ολ
393 539 626 626 θρυπτόμενοι
641 536 805 625 ἐκείραντο
822 533 868 614 ῶς
890 534 1019 603 ἐπίπαν
1042 534 1076 602 ἐν
1090 539 1153 623 μιᾷ
1174 542 1332 624 μαχαίρᾳ.
1371 537 1439 604 Sed

283 662 388 726 neque
410 641 537 725 singula
558 640 641 707 inter
662 659 698 706 se
721 640 914 706 conueniunt
939 643 972 706 et
992 639 1074 704 ratio
1097 637 1262 720 Goslingsi
1282 638 1317 704 id
1338 659 1438 705 uuum

198 790 202 795 -
283 745 400 829 probat
423 747 585 811 auctorem
608 759 680 808 csse
702 741 953 825 Diogenianum‚
976 740 1015 805 ci.
1037 760 1069 824 p.
1082 742 1151 823 79..
1173 737 1259 806 unde
1281 740 1438 823 Dionysio

283 844 402 912 collato
431 844 485 911 uel
514 842 720 928 Pamphilum
749 843 802 908 uel
830 840 954 909 Vestini
983 841 1154 926 epitomem
1182 841 1266 906 hanc
1293 841 1438 925 glossam

284 944 470 1011 exhibuisse
485 942 739 1011 concludendum
754 948 855 1028 esset,
877 943 906 1009 si
921 943 1041 1008 Naberi
1064 942 1202 1008 rationes
1218 960 1434 1023 sequeremur.

283 1046 351 1114 Sed
373 1067 444 1113 cum
460 1046 694 1131 Diogenianum
711 1064 838 1127 quoqne
861 1065 902 1111 ex
925 1043 1073 1110 atticistis
1095 1044 1241 1111 hausisse
1263 1045 1436 1112 uerisimile

283 1148 341 1230 sit,
365 1146 405 1214 de
427 1165 547 1228 quare
569 1147 808 1232 supradictum
836 1152 900 1226 est,
932 1145 972 1211 de
994 1145 1135 1229 Didymo
1162 1144 1277 1211 scholii
1305 1154 1434 1212 auctore

283 1249 357 1314 hoc
379 1255 565 1331 argumento
587 1249 667 1314 nihil
696 1248 839 1315 efficitur.
883 1247 1033 1313 Fortasse
1063 1252 1170 1313 tamen
1192 1264 1257 1313 res
1278 1245 1350 1330 ipsa
1371 1267 1436 1312 non

283 1347 496 1434 improbanda
517 1356 581 1433 est,
612 1349 751 1431 quiade
778 1347 960 1414 scholiastis
982 1347 1226 1432 Aristophaneis
1252 1348 1434 1430 ambigitur.

284 1450 551 1533 Quandoquidem
570 1453 659 1518 locus
673 1471 770 1536 supra
784 1449 934 1516 laudatus
949 1449 1096 1525 conuenit
1112 1447 1346 1533 quodammodo
1363 1470 1435 1516 cum

284 1551 469 1637 Eustathio‚
499 1552 648 1634 equidem
675 1573 740 1618 non
768 1551 1015 1636 improbauerim
1039 1550 1213 1635 Didymum
1244 1550 1305 1617 hac
1333 1549 1374 1616 de
1400 1571 1436 1617 re

285 1654 472 1739 exposuisse
494 1658 527 1720 ct
548 1653 721 1723 atticistam
742 1653 849 1719 locum
864 1652 1108 1736 Thucydideum
1131 1673 1173 1719 ex
1194 1670 1254 1719 sua
1274 1670 1361 1734 penu
1378 1652 1435 1718 ad·

283 1756 407 1840 iecisse,
429 1756 470 1821 cf.
493 1757 535 1821 M.
551 1755 706 1821 Schmidt.
722 1753 853 1838 Didym.
875 1773 906 1837 p.
920 1758 969 1818 67.
1014 1754 1167 1843 Scholion
1188 1754 1286 1837 igitur
1307 1753 1435 1838 Thucy·

284 1855 414 1923 dideum
436 1876 500 1921 non
522 1876 541 1921 c
563 1854 703 1947 Didymo
730 1855 802 1938 ipso
825 1854 1003 1922 deriuatum
1033 1861 1099 1939 est,
1128 1854 1186 1923 sed
1208 1876 1249 1922 ex
1271 1855 1434 1923 atticistae

283 1956 404 2038 lexico,
434 1956 608 2039 Dionysius
637 1960 743 2022 autem
766 1956 908 2040 glossam
930 1975 1020 2022 suam
1049 1955 1154 2024 lexico
1182 1955 1309 2023 cuidam
1332 1955 1436 2041 Didy-

283 2078 354 2126 meo
378 2057 483 2124 debet.

368 2158 512 2225 Eustath.
528 2179 558 2243 p.
574 2161 665 2243 1390,
677 2163 727 2225 50.
750 2156 938 2241 (Schwartz.
953 2178 984 2242 p.
997 2156 1078 2241 96.):
1100 2156 1247 2246 μήκων·
1269 2159 1436 2246 θηλυκῶς.

285 2258 490 2346 Θουκυδίδης
517 2257 653 2346 μήκωνα
680 2260 959 2345 μεμελιτωμένῃν.
1003 2261 1145 2344 Respicit
1172 2261 1284 2328 Aelius
1312 2261 1437 2346 Diony-

282 2364 349 2430 sius
371 2362 414 2429 ad
436 2361 600 2428 Thuclv.
613 2364 680 2445 26..
710 2361 766 2429 ubi
792 2360 878 2445 quod
901 2366 1006 2428 exstat
1028 2363 1182 2448 scholion,
1204 2365 1301 2449 plane
1323 2364 1434 2432 aliena

282 2464 390 2532 tradit.
434 2462 617 2530 Scholiasta
638 2463 734 2546 igitur
756 2465 817 2530 hoc
839 2464 910 2530 loco
928 2463 1002 2529 Aeli
1024 2463 1159 2549 Dionysi
1181 2463 1433 2551 adnotationem,

282 2565 311 2631 si
338 2564 468 2647 quidem
495 2568 597 2629 totam
625 2563 797 2647 habemus,
828 2563 1045 2646 quodminus
1075 2565 1246 2632 uerIsimile
1275 2572 1345 2650 est,·
1368 2588 1436 2634 non

283 2666 426 2751 respexit
447 2682 551 2747 neque
572 2664 679 2731 adhuc
695 2665 815 2731 scholii
837 2671 999 2732 auctorem
1019 2666 1174 2751 indagare
1195 2666 1294 2752 potui.

251 2771 262 2783 “
369 2768 514 2834 Eustath.
527 2788 558 2852 p.
573 2769 701 2851 166,18.
724 2764 943 2848 (Rindfleisoh.
955 2766 992 2832 fr.
1004 2770 1087 2852 297,
1103 2766 1275 2834 Schwartz.
1291 2791 1322 2854 p.
1332 2770 1437 2853 117.):

283 2868 493 2952 πανσυδίῃ·
517 2860 592 2932 ἀντὶ
614 2870 674 2932 τοῦ
695 2867 883 2946 παντελῶς,
907 2859 989 2932 ὅθεν
1011 2870 1068 2933 καὶ
1082 2866 1177 2955 παρὰ
1194 2869 1377 2957 Θουκυδίδῃ
1393 2869 1433 2936 τὸ

282 2965 469 3044 ,πανσυδελ
491 2966 738 3054 διεφθάρθαι“.
775 2967 919 3033 Eandem
941 2970 1083 3052 glossam
1105 2971 1208 3037 minus
1230 2991 1326 3054 quam
1347 2973 1437 3057 apud

230 3098 231 3101 ¹
282 3067 484 3135 Eustathium
512 3067 731 3134 detruncatam
760 3068 915 3135 hahemus
944 3070 1032 3155 apud
1060 3072 1208 3138 Photium
1236 3092 1262 3139 s.
1282 3095 1314 3140 u.
1343 3092 1435 3137 πασ-

284 3168 375 3235 συδί·
410 3169 592 3246 παντελῶς.
616 3164 633 3234 δ
660 3168 866 3257 Θουκυδίδης
893 3168 927 3237 ἐν
954 3170 983 3260 q'
1008 3171 1074 3260 ,μὴ
1103 3166 1189 3239 οὕτω
1218 3197 1255 3258 γε
1284 3173 1435 3240 πασσυδὶ

283 3268 520 3358 διεφθάρθαι“
542 3261 627 3358 ὅπερ
650 3263 871 3359 ἀγνοήσαντες
892 3297 980 3350 τινες
1000 3273 1166 3362 γράφουσι
1182 3274 1338 3343 πανσυδί.
1362 3274 1437 3342 ἔστι

281 3373 339 3435 καὶ
354 3369 388 3435 ἐν
402 3365 618 3454 Αὐτομόλοις
635 3372 876 3461 Φερεκράτους,
900 3394 982 3457 quae
998 3378 1097 3443 uerba
1113 3376 1230 3445 Suidas
1246 3378 1436 3463 transscrip-

281 3469 333 3553 sit,
357 3470 412 3553 qui
432 3472 553 3553 pariter
574 3478 672 3557 atque
686 3476 798 3542 Aelius
812 3475 981 3541 πασσυδεί
994 3478 1137 3562 praehet.
1173 3478 1324 3546 Formam
1345 3504 1434 3544 παν-

283 3569 379 3655 συδίῃ
406 3569 599 3640 homericam
621 3575 808 3641 Eustathius
836 3576 880 3642 ad
901 3596 993 3642 usum
1015 3580 1146 3646 atticum
1168 3583 1340 3647 transferre
1369 3602 1434 3648 non

282 3668 451 3739 dubitauit.
495 3673 573 3740 Inde
595 3675 737 3743 confusio
760 3678 990 3745 uocabulorum
1012 3679 1179 3767 πανσυδίῃ
1186 3732 1195 3766 ,
1219 3681 1306 3763 quod
1328 3682 1432 3768 epico-

280 3794 351 3840 rum
373 3777 495 3840 tantum
515 3779 580 3858 est,
603 3780 634 3841 et
656 3775 808 3841 πασσυδί
829 3778 898 3845 siue
920 3780 1088 3847 πασσυδεί
1109 3789 1179 3849 orta
1202 3789 1259 3849 est.
1282 3781 1435 3848 πασσυδί

281 3875 416 3940 formam
437 3879 567 3960 propter
587 3875 683 3941 Photi
704 3878 845 3960 glossam
868 3880 1022 3967 Dionysio
1050 3883 1219 3968 probatam
1245 3884 1343 3951 fuisse
1366 3904 1433 3951 crc-

281 3973 401 4041 demus.
446 3975 588 4061 Respicit
614 3976 726 4044 Aelius
754 3979 929 4065 Dionysius
957 3982 1000 4048 ad
1029 3985 1128 4051 Thuc.
1145 3984 1229 4051 VIII.
1249 3990 1285 4068 l.‚
1314 3986 1370 4052 ubi
1398 3985 1433 4052 in
