<?xml version="1.0" encoding="UTF-8"?>
<!DOCTYPE html PUBLIC "-//W3C//DTD XHTML 1.0 Transitional//EN"
    "http://www.w3.org/TR/xhtml1/DTD/xhtml1-transitional.dtd">
<html xmlns="http://www.w3.org/1999/xhtml" xml:lang="en" lang="en">
 <head>
  <title>
</title>
<meta http-equiv="Content-Type" content="text/html;charset=utf-8" />
  <meta name='ocr-system' content='tesseract 3.04.00' />
  <meta name='ocr-capabilities' content='ocr_page ocr_carea ocr_par ocr_line ocrx_word'/>
</head>
<body>
  <div class='ocr_page' id='page_1' title='image "./quaestionesdesc00schwgoog_0087.png"; bbox 0 0 3142 4700; ppageno 0'>
   <div class='ocr_carea' id='block_1_1' title="bbox 337 328 1350 407">
    <p class='ocr_par' dir='ltr' id='par_1_1' title="bbox 337 328 1350 407">
     <span class='ocr_line' id='line_1_1' title="bbox 337 328 1350 407; baseline 0.005 -14"><span class='ocrx_word' id='word_1_1' title='bbox 337 336 515 406; x_wconf 70' lang='lat' dir='ltr'>Quaestiones</span> <span class='ocrx_word' id='word_1_2' title='bbox 533 336 566 393; x_wconf 90' lang='lat' dir='ltr'>de</span> <span class='ocrx_word' id='word_1_3' title='bbox 583 337 748 393; x_wconf 77' lang='lat' dir='ltr'><strong>scholiorum</strong></span> <span class='ocrx_word' id='word_1_4' title='bbox 765 337 1002 407; x_wconf 81' lang='lat' dir='ltr'>Thucydideorum</span> <span class='ocrx_word' id='word_1_5' title='bbox 1019 337 1149 397; x_wconf 87' lang='lat' dir='ltr'>fontibus.</span> <span class='ocrx_word' id='word_1_6' title='bbox 1261 340 1321 398; x_wconf 82' lang='lat'>143</span> <span class='ocrx_word' id='word_1_7' title='bbox 1347 328 1350 333; x_wconf 50' lang='grc'><strong><em>’</em></strong></span> 
     </span>
    </p>
   </div>
   <div class='ocr_carea' id='block_1_2' title="bbox 86 509 1325 2839">
    <p class='ocr_par' dir='ltr' id='par_1_2' title="bbox 169 509 1324 1818">
     <span class='ocr_line' id='line_1_2' title="bbox 171 509 1323 596; baseline 0.002 -20"><span class='ocrx_word' id='word_1_8' title='bbox 171 509 370 596; x_wconf 79' lang='lat' dir='ltr'>temporibus</span> <span class='ocrx_word' id='word_1_9' title='bbox 396 509 496 577; x_wconf 90' lang='lat' dir='ltr'>multo</span> <span class='ocrx_word' id='word_1_10' title='bbox 523 509 669 596; x_wconf 76' lang='lat' dir='ltr'><strong>pleniora</strong></span> <span class='ocrx_word' id='word_1_11' title='bbox 696 510 819 578; x_wconf 88' lang='lat' dir='ltr'>scholia</span> <span class='ocrx_word' id='word_1_12' title='bbox 846 509 888 577; x_wconf 86' lang='lat' dir='ltr'>ad</span> <span class='ocrx_word' id='word_1_13' title='bbox 910 509 1133 595; x_wconf 75' lang='lat' dir='ltr'>Thucydidem</span> <span class='ocrx_word' id='word_1_14' title='bbox 1161 510 1323 578; x_wconf 79' lang='lat' dir='ltr'>exstitisse</span> 
     </span>
     <span class='ocr_line' id='line_1_3' title="bbox 172 610 1323 698; baseline -0.003 -18"><span class='ocrx_word' id='word_1_15' title='bbox 172 612 355 698; x_wconf 89' lang='lat' dir='ltr'>credamus,</span> <span class='ocrx_word' id='word_1_16' title='bbox 385 619 452 679; x_wconf 92' lang='lat' dir='ltr'>tum</span> <span class='ocrx_word' id='word_1_17' title='bbox 474 632 513 679; x_wconf 95' lang='lat' dir='ltr'>eo</span> <span class='ocrx_word' id='word_1_18' title='bbox 534 610 677 678; x_wconf 88' lang='lat' dir='ltr'>firmatur</span> <span class='ocrx_word' id='word_1_19' title='bbox 697 610 779 679; x_wconf 87' lang='lat' dir='ltr'>haee</span> <span class='ocrx_word' id='word_1_20' title='bbox 804 611 959 698; x_wconf 89' lang='lat' dir='ltr'>suspicio,</span> <span class='ocrx_word' id='word_1_21' title='bbox 992 617 1018 678; x_wconf 84' lang='lat'>1.</span> <span class='ocrx_word' id='word_1_22' title='bbox 1041 610 1127 694; x_wconf 92' lang='lat' dir='ltr'>qnod</span> <span class='ocrx_word' id='word_1_23' title='bbox 1148 612 1323 696; x_wconf 90' lang='lat' dir='ltr'>permultos</span> 
     </span>
     <span class='ocr_line' id='line_1_4' title="bbox 172 714 1323 800; baseline -0.001 -19"><span class='ocrx_word' id='word_1_24' title='bbox 172 715 417 781; x_wconf 78' lang='lat' dir='ltr'>commentarios</span> <span class='ocrx_word' id='word_1_25' title='bbox 433 714 590 799; x_wconf 82' lang='lat' dir='ltr'>nouimus,</span> <span class='ocrx_word' id='word_1_26' title='bbox 613 733 746 796; x_wconf 89' lang='lat' dir='ltr'>quorum</span> <span class='ocrx_word' id='word_1_27' title='bbox 768 716 835 781; x_wconf 86' lang='lat' dir='ltr'>iere</span> <span class='ocrx_word' id='word_1_28' title='bbox 857 714 964 780; x_wconf 85' lang='lat' dir='ltr'>omnis</span> <span class='ocrx_word' id='word_1_29' title='bbox 986 714 1124 799; x_wconf 82' lang='lat' dir='ltr'>uestigia</span> <span class='ocrx_word' id='word_1_30' title='bbox 1144 716 1323 800; x_wconf 79' lang='lat' dir='ltr'>perierunt;</span> 
     </span>
     <span class='ocr_line' id='line_1_5' title="bbox 172 815 1322 902; baseline -0.002 -20"><span class='ocrx_word' id='word_1_31' title='bbox 172 822 203 885; x_wconf 80' lang='lat'>2.</span> <span class='ocrx_word' id='word_1_32' title='bbox 227 815 312 900; x_wconf 88' lang='lat' dir='ltr'>quod</span> <span class='ocrx_word' id='word_1_33' title='bbox 327 815 450 883; x_wconf 88' lang='lat' dir='ltr'>scholia</span> <span class='ocrx_word' id='word_1_34' title='bbox 466 820 615 898; x_wconf 88' lang='lat' dir='ltr'>quattuor</span> <span class='ocrx_word' id='word_1_35' title='bbox 628 815 768 900; x_wconf 84' lang='lat' dir='ltr'>priorum</span> <span class='ocrx_word' id='word_1_36' title='bbox 785 816 936 883; x_wconf 86' lang='lat' dir='ltr'>librorum</span> <span class='ocrx_word' id='word_1_37' title='bbox 953 817 1052 883; x_wconf 90' lang='lat' dir='ltr'>multo</span> <span class='ocrx_word' id='word_1_38' title='bbox 1073 816 1218 901; x_wconf 87' lang='lat' dir='ltr'>pleniora</span> <span class='ocrx_word' id='word_1_39' title='bbox 1239 823 1322 902; x_wconf 83' lang='lat' dir='ltr'>sunt,</span> 
     </span>
     <span class='ocr_line' id='line_1_6' title="bbox 173 917 1322 1002; baseline 0 -18"><span class='ocrx_word' id='word_1_40' title='bbox 173 939 271 1002; x_wconf 89' lang='lat' dir='ltr'>quam</span> <span class='ocrx_word' id='word_1_41' title='bbox 299 917 423 985; x_wconf 83' lang='lat' dir='ltr'>scholia</span> <span class='ocrx_word' id='word_1_42' title='bbox 452 923 627 985; x_wconf 87' lang='lat' dir='ltr'>ceterorum</span> <span class='ocrx_word' id='word_1_43' title='bbox 656 917 824 1000; x_wconf 83' lang='lat' dir='ltr'>librorum3</span> <span class='ocrx_word' id='word_1_44' title='bbox 857 922 887 984; x_wconf 87' lang='grc'>3.</span> <span class='ocrx_word' id='word_1_45' title='bbox 915 917 1003 1000; x_wconf 91' lang='lat' dir='ltr'>quod</span> <span class='ocrx_word' id='word_1_46' title='bbox 1024 919 1184 984; x_wconf 87' lang='lat' dir='ltr'>nonnullis</span> <span class='ocrx_word' id='word_1_47' title='bbox 1204 919 1284 985; x_wconf 91' lang='lat' dir='ltr'>locis</span> <span class='ocrx_word' id='word_1_48' title='bbox 1297 920 1322 1000; x_wconf 83' lang='lat'>¹)</span> 
     </span>
     <span class='ocr_line' id='line_1_7' title="bbox 170 1017 1322 1104; baseline -0.001 -17"><span class='ocrx_word' id='word_1_49' title='bbox 170 1022 216 1087; x_wconf 82' lang='lat' dir='ltr'>ad</span> <span class='ocrx_word' id='word_1_50' title='bbox 231 1020 454 1088; x_wconf 82' lang='lat' dir='ltr'>adnotationes</span> <span class='ocrx_word' id='word_1_51' title='bbox 469 1019 626 1102; x_wconf 87' lang='lat' dir='ltr'>quasdam</span> <span class='ocrx_word' id='word_1_52' title='bbox 646 1017 823 1104; x_wconf 76' lang='lat' dir='ltr'>respicitur,</span> <span class='ocrx_word' id='word_1_53' title='bbox 847 1037 926 1100; x_wconf 89' lang='lat' dir='ltr'>quas</span> <span class='ocrx_word' id='word_1_54' title='bbox 948 1039 1105 1103; x_wconf 92' lang='lat' dir='ltr'>nusquam</span> <span class='ocrx_word' id='word_1_55' title='bbox 1127 1020 1160 1085; x_wconf 91' lang='lat' dir='ltr'>iu</span> <span class='ocrx_word' id='word_1_56' title='bbox 1182 1020 1322 1103; x_wconf 88' lang='lat' dir='ltr'>scholiis,</span> 
     </span>
     <span class='ocr_line' id='line_1_8' title="bbox 171 1119 1322 1208; baseline -0.001 -19"><span class='ocrx_word' id='word_1_57' title='bbox 171 1123 283 1205; x_wconf 87' lang='lat' dir='ltr'>qualia</span> <span class='ocrx_word' id='word_1_58' title='bbox 314 1143 397 1189; x_wconf 92' lang='lat' dir='ltr'>nuuc</span> <span class='ocrx_word' id='word_1_59' title='bbox 425 1127 569 1206; x_wconf 85' lang='lat' dir='ltr'>exstant,</span> <span class='ocrx_word' id='word_1_60' title='bbox 601 1121 751 1205; x_wconf 90' lang='lat' dir='ltr'>reperies.</span> <span class='ocrx_word' id='word_1_61' title='bbox 801 1119 892 1198; x_wconf 81' lang='lat' dir='ltr'>Quae</span> <span class='ocrx_word' id='word_1_62' title='bbox 919 1122 1111 1189; x_wconf 76' lang='lat' dir='ltr'>scholiorum</span> <span class='ocrx_word' id='word_1_63' title='bbox 1144 1122 1322 1208; x_wconf 84' lang='lat' dir='ltr'>pleniorum</span> 
     </span>
     <span class='ocr_line' id='line_1_9' title="bbox 171 1220 1324 1309; baseline -0.001 -18"><span class='ocrx_word' id='word_1_64' title='bbox 171 1224 312 1308; x_wconf 83' lang='lat' dir='ltr'>uestigia</span> <span class='ocrx_word' id='word_1_65' title='bbox 325 1220 501 1309; x_wconf 64' lang='lat' dir='ltr'>ipsi&#39;supra</span> <span class='ocrx_word' id='word_1_66' title='bbox 514 1243 631 1307; x_wconf 82' lang='lat' dir='ltr'>magua</span> <span class='ocrx_word' id='word_1_67' title='bbox 653 1244 694 1291; x_wconf 84' lang='lat' dir='ltr'>ex</span> <span class='ocrx_word' id='word_1_68' title='bbox 715 1227 807 1309; x_wconf 90' lang='lat' dir='ltr'>parte</span> <span class='ocrx_word' id='word_1_69' title='bbox 828 1223 862 1288; x_wconf 93' lang='lat' dir='ltr'>in</span> <span class='ocrx_word' id='word_1_70' title='bbox 882 1222 1035 1290; x_wconf 91' lang='lat' dir='ltr'>iudicium</span> <span class='ocrx_word' id='word_1_71' title='bbox 1057 1223 1251 1291; x_wconf 88' lang='lat' dir='ltr'>uocauimus.</span> <span class='ocrx_word' id='word_1_72' title='bbox 1285 1225 1324 1291; x_wconf 95' lang='lat' dir='ltr'>Id</span> 
     </span>
     <span class='ocr_line' id='line_1_10' title="bbox 172 1324 1323 1411; baseline 0 -19"><span class='ocrx_word' id='word_1_73' title='bbox 172 1333 296 1392; x_wconf 82' lang='lat' dir='ltr'>tautum</span> <span class='ocrx_word' id='word_1_74' title='bbox 312 1325 432 1393; x_wconf 83' lang='lat' dir='ltr'>addere</span> <span class='ocrx_word' id='word_1_75' title='bbox 453 1324 549 1392; x_wconf 90' lang='lat' dir='ltr'>liceat</span> <span class='ocrx_word' id='word_1_76' title='bbox 570 1325 731 1393; x_wconf 90' lang='lat' dir='ltr'>nonnullis</span> <span class='ocrx_word' id='word_1_77' title='bbox 753 1325 832 1391; x_wconf 91' lang='lat' dir='ltr'>locis</span> <span class='ocrx_word' id='word_1_78' title='bbox 854 1345 1003 1410; x_wconf 82' lang='lat' dir='ltr'>maguam</span> <span class='ocrx_word' id='word_1_79' title='bbox 1025 1325 1202 1392; x_wconf 84' lang='lat' dir='ltr'>doctrinam</span> <span class='ocrx_word' id='word_1_80' title='bbox 1224 1347 1323 1411; x_wconf 86' lang='lat' dir='ltr'>appa-</span> 
     </span>
     <span class='ocr_line' id='line_1_11' title="bbox 170 1424 1323 1512; baseline -0.001 -18"><span class='ocrx_word' id='word_1_81' title='bbox 170 1448 244 1494; x_wconf 90' lang='lat' dir='ltr'>rere</span> <span class='ocrx_word' id='word_1_82' title='bbox 266 1427 392 1511; x_wconf 88' lang='lat' dir='ltr'>(utiam</span> <span class='ocrx_word' id='word_1_83' title='bbox 408 1426 608 1512; x_wconf 82' lang='lat' dir='ltr'>Goslingsius</span> <span class='ocrx_word' id='word_1_84' title='bbox 623 1427 656 1491; x_wconf 91' lang='lat' dir='ltr'>in</span> <span class='ocrx_word' id='word_1_85' title='bbox 670 1424 830 1494; x_wconf 84' lang='lat' dir='ltr'>addendis</span> <span class='ocrx_word' id='word_1_86' title='bbox 843 1425 1088 1509; x_wconf 88' lang='lat' dir='ltr'>demonstrauit)</span> <span class='ocrx_word' id='word_1_87' title='bbox 1112 1432 1144 1493; x_wconf 86' lang='lat' dir='ltr'>et</span> <span class='ocrx_word' id='word_1_88' title='bbox 1164 1426 1323 1494; x_wconf 87' lang='lat' dir='ltr'>interdum</span> 
     </span>
     <span class='ocr_line' id='line_1_12' title="bbox 169 1528 1324 1616; baseline -0.001 -20"><span class='ocrx_word' id='word_1_89' title='bbox 169 1531 351 1616; x_wconf 82' lang='lat' dir='ltr'>fragmenta</span> <span class='ocrx_word' id='word_1_90' title='bbox 373 1535 510 1614; x_wconf 82' lang='lat' dir='ltr'>exstare,</span> <span class='ocrx_word' id='word_1_91' title='bbox 533 1549 616 1612; x_wconf 88' lang='lat' dir='ltr'>quae</span> <span class='ocrx_word' id='word_1_92' title='bbox 637 1528 766 1597; x_wconf 91' lang='lat' dir='ltr'>aliunde</span> <span class='ocrx_word' id='word_1_93' title='bbox 788 1550 851 1596; x_wconf 91' lang='lat' dir='ltr'>non</span> <span class='ocrx_word' id='word_1_94' title='bbox 873 1529 1085 1612; x_wconf 88' lang='lat' dir='ltr'>innotuerunt,</span> <span class='ocrx_word' id='word_1_95' title='bbox 1113 1534 1148 1594; x_wconf 90' lang='lat' dir='ltr'>ut</span> <span class='ocrx_word' id='word_1_96' title='bbox 1169 1529 1324 1598; x_wconf 84' lang='lat' dir='ltr'>Hecataei</span> 
     </span>
     <span class='ocr_line' id='line_1_13' title="bbox 170 1629 1324 1717; baseline 0 -18"><span class='ocrx_word' id='word_1_97' title='bbox 170 1633 205 1699; x_wconf 89' lang='lat' dir='ltr'>in</span> <span class='ocrx_word' id='word_1_98' title='bbox 227 1631 351 1699; x_wconf 93' lang='lat' dir='ltr'>scholio</span> <span class='ocrx_word' id='word_1_99' title='bbox 372 1631 565 1717; x_wconf 84' lang='lat' dir='ltr'>Thuc.1.3.,</span> <span class='ocrx_word' id='word_1_100' title='bbox 587 1631 788 1717; x_wconf 82' lang='lat' dir='ltr'>Theopompi</span> <span class='ocrx_word' id='word_1_101' title='bbox 809 1631 842 1698; x_wconf 91' lang='lat' dir='ltr'>in</span> <span class='ocrx_word' id='word_1_102' title='bbox 862 1630 984 1697; x_wconf 93' lang='lat' dir='ltr'>scholio</span> <span class='ocrx_word' id='word_1_103' title='bbox 998 1629 1052 1695; x_wconf 88' lang='lat' dir='ltr'>Vl.</span> <span class='ocrx_word' id='word_1_104' title='bbox 1064 1635 1104 1715; x_wconf 80' lang='grc'>4.,</span> <span class='ocrx_word' id='word_1_105' title='bbox 1127 1631 1324 1715; x_wconf 85' lang='lat' dir='ltr'>epigramma</span> 
     </span>
     <span class='ocr_line' id='line_1_14' title="bbox 171 1732 795 1818; baseline -0.003 -18"><span class='ocrx_word' id='word_1_106' title='bbox 171 1735 206 1801; x_wconf 92' lang='lat' dir='ltr'>in</span> <span class='ocrx_word' id='word_1_107' title='bbox 228 1734 382 1802; x_wconf 87' lang='lat' dir='ltr'>honorem</span> <span class='ocrx_word' id='word_1_108' title='bbox 403 1733 534 1818; x_wconf 92' lang='lat' dir='ltr'>Orsippi</span> <span class='ocrx_word' id='word_1_109' title='bbox 555 1733 589 1798; x_wconf 93' lang='lat' dir='ltr'>in</span> <span class='ocrx_word' id='word_1_110' title='bbox 610 1732 709 1800; x_wconf 92' lang='lat' dir='ltr'>schol.</span> <span class='ocrx_word' id='word_1_111' title='bbox 725 1733 749 1798; x_wconf 82' lang='lat' dir='ltr'><strong>L</strong></span> <span class='ocrx_word' id='word_1_112' title='bbox 765 1736 795 1798; x_wconf 82' lang='lat'>2.</span> 
     </span>
    </p>

    <p class='ocr_par' dir='ltr' id='par_1_3' title="bbox 86 1825 1325 2839">
     <span class='ocr_line' id='line_1_15' title="bbox 259 1825 1322 1919; baseline 0 -18"><span class='ocrx_word' id='word_1_113' title='bbox 259 1834 323 1903; x_wconf 89' lang='lat' dir='ltr'>Sed</span> <span class='ocrx_word' id='word_1_114' title='bbox 339 1834 382 1900; x_wconf 87' lang='lat' dir='ltr'>ad</span> <span class='ocrx_word' id='word_1_115' title='bbox 397 1834 608 1903; x_wconf 90' lang='lat' dir='ltr'>elocutionem</span> <span class='ocrx_word' id='word_1_116' title='bbox 622 1825 827 1919; x_wconf 83' lang='lat' dir='ltr'>byzantinam</span> <span class='ocrx_word' id='word_1_117' title='bbox 843 1832 1020 1900; x_wconf 85' lang='lat' dir='ltr'>redeamus.</span> <span class='ocrx_word' id='word_1_118' title='bbox 1058 1834 1223 1902; x_wconf 87' lang='lat' dir='ltr'>Habemus</span> <span class='ocrx_word' id='word_1_119' title='bbox 1237 1836 1322 1902; x_wconf 89' lang='lat' dir='ltr'>enim</span> 
     </span>
     <span class='ocr_line' id='line_1_16' title="bbox 170 1933 1323 2023; baseline 0 -19"><span class='ocrx_word' id='word_1_120' title='bbox 170 1945 249 2020; x_wconf 78' lang='lat' dir='ltr'>ante</span> <span class='ocrx_word' id='word_1_121' title='bbox 270 1937 377 2005; x_wconf 91' lang='lat' dir='ltr'>omuia</span> <span class='ocrx_word' id='word_1_122' title='bbox 398 1936 550 2004; x_wconf 88' lang='lat' dir='ltr'>nonnulla</span> <span class='ocrx_word' id='word_1_123' title='bbox 578 1935 743 2018; x_wconf 84' lang='lat' dir='ltr'>regionum</span> <span class='ocrx_word' id='word_1_124' title='bbox 771 1934 936 2000; x_wconf 90' lang='lat' dir='ltr'>fluminum</span> <span class='ocrx_word' id='word_1_125' title='bbox 965 1933 1153 2020; x_wconf 91' lang='lat' dir='ltr'>oppidorum</span> <span class='ocrx_word' id='word_1_126' title='bbox 1182 1936 1323 2023; x_wconf 80' lang='lat' dir='ltr'>nomina,</span> 
     </span>
     <span class='ocr_line' id='line_1_17' title="bbox 172 2036 1324 2124; baseline 0 -18"><span class='ocrx_word' id='word_1_127' title='bbox 172 2058 258 2122; x_wconf 89' lang='lat' dir='ltr'>quae</span> <span class='ocrx_word' id='word_1_128' title='bbox 275 2038 442 2124; x_wconf 89' lang='lat' dir='ltr'>posteriori</span> <span class='ocrx_word' id='word_1_129' title='bbox 464 2043 586 2104; x_wconf 84' lang='lat' dir='ltr'>tantum</span> <span class='ocrx_word' id='word_1_130' title='bbox 608 2038 744 2123; x_wconf 85' lang='lat' dir='ltr'>tempori</span> <span class='ocrx_word' id='word_1_131' title='bbox 765 2036 937 2104; x_wconf 89' lang='lat' dir='ltr'>tribuenda</span> <span class='ocrx_word' id='word_1_132' title='bbox 958 2043 1040 2104; x_wconf 87' lang='lat' dir='ltr'>sunt.</span> <span class='ocrx_word' id='word_1_133' title='bbox 1077 2037 1235 2123; x_wconf 89' lang='lat' dir='ltr'>Incipiunt</span> <span class='ocrx_word' id='word_1_134' title='bbox 1256 2040 1324 2107; x_wconf 88' lang='lat' dir='ltr'>fere</span> 
     </span>
     <span class='ocr_line' id='line_1_18' title="bbox 171 2132 1323 2228; baseline 0 -21"><span class='ocrx_word' id='word_1_135' title='bbox 171 2141 280 2208; x_wconf 81' lang='lat' dir='ltr'>omnia</span> <span class='ocrx_word' id='word_1_136' title='bbox 293 2141 352 2206; x_wconf 86' lang='lat' dir='ltr'>illa</span> <span class='ocrx_word' id='word_1_137' title='bbox 366 2139 490 2207; x_wconf 81' lang='lat' dir='ltr'>scholia</span> <span class='ocrx_word' id='word_1_138' title='bbox 505 2139 612 2206; x_wconf 86' lang='lat' dir='ltr'>uerbis</span> <span class='ocrx_word' id='word_1_139' title='bbox 627 2134 646 2226; x_wconf 80' lang='grc' dir='ltr'><em>ἡ</em></span> <span class='ocrx_word' id='word_1_140' title='bbox 663 2142 720 2205; x_wconf 78' lang='grc' dir='ltr'>νῦν</span> <span class='ocrx_word' id='word_1_141' title='bbox 734 2140 918 2226; x_wconf 80' lang='grc' dir='ltr'><strong><em>καλουμένη</em></strong></span> <span class='ocrx_word' id='word_1_142' title='bbox 933 2139 973 2204; x_wconf 88' lang='lat' dir='ltr'>cf.</span> <span class='ocrx_word' id='word_1_143' title='bbox 988 2141 1093 2206; x_wconf 84' lang='lat'><strong>1.24.:</strong></span> <span class='ocrx_word' id='word_1_144' title='bbox 1110 2132 1323 2228; x_wconf 78' lang='grc' dir='ltr'><em>Ἐπίδαμνος]</em></span> 
     </span>
     <span class='ocr_line' id='line_1_19' title="bbox 86 2233 1324 2333; baseline -0.002 -24"><span class='ocrx_word' id='word_1_145' title='bbox 86 2328 89 2333; x_wconf 8' lang='grc' dir='ltr'><em>ρ</em></span> <span class='ocrx_word' id='word_1_146' title='bbox 169 2241 191 2330; x_wconf 79' lang='grc' dir='ltr'>ἢ</span> <span class='ocrx_word' id='word_1_147' title='bbox 215 2245 272 2309; x_wconf 78' lang='grc' dir='ltr'>νῦν</span> <span class='ocrx_word' id='word_1_148' title='bbox 294 2240 483 2327; x_wconf 84' lang='grc' dir='ltr'><em>Δυρράχιον</em></span> <span class='ocrx_word' id='word_1_149' title='bbox 504 2241 670 2321; x_wconf 84' lang='grc' dir='ltr'><em>καλεῖται,</em></span> <span class='ocrx_word' id='word_1_150' title='bbox 699 2233 738 2328; x_wconf 67' lang='grc' dir='ltr'><em>ἦν</em></span> <span class='ocrx_word' id='word_1_151' title='bbox 759 2266 837 2307; x_wconf 86' lang='grc' dir='ltr'><em>τινα</em></span> <span class='ocrx_word' id='word_1_152' title='bbox 865 2239 968 2324; x_wconf 84' lang='grc' dir='ltr'><em>(τινες</em></span> <span class='ocrx_word' id='word_1_153' title='bbox 991 2240 1190 2323; x_wconf 80' lang='lat' dir='ltr'>Gosliugsius</span> <span class='ocrx_word' id='word_1_154' title='bbox 1211 2243 1324 2328; x_wconf 49' lang='lat' dir='ltr'>padi.)</span> 
     </span>
     <span class='ocr_line' id='line_1_20' title="bbox 171 2340 1324 2432; baseline 0 -22"><span class='ocrx_word' id='word_1_155' title='bbox 171 2340 548 2432; x_wconf 74' lang='grc' dir='ltr'><em>παρανρυμματίζοντες</em></span> <span class='ocrx_word' id='word_1_156' title='bbox 575 2341 743 2427; x_wconf 83' lang='grc' dir='ltr'><em>Δοράκιον</em></span> <span class='ocrx_word' id='word_1_157' title='bbox 770 2341 970 2426; x_wconf 58' lang='lat' dir='ltr'>solocem)</span> <span class='ocrx_word' id='word_1_158' title='bbox 1012 2344 1036 2409; x_wconf 87' lang='lat' dir='ltr'>l.</span> <span class='ocrx_word' id='word_1_159' title='bbox 1057 2347 1128 2410; x_wconf 88' lang='grc'><strong>110.</strong></span> <span class='ocrx_word' id='word_1_160' title='bbox 1160 2341 1206 2410; x_wconf 87' lang='grc' dir='ltr'>Τὸ</span> <span class='ocrx_word' id='word_1_161' title='bbox 1230 2350 1324 2410; x_wconf 86' lang='grc' dir='ltr'><em>Μεν-</em></span> 
     </span>
     <span class='ocr_line' id='line_1_21' title="bbox 172 2438 1324 2535; baseline 0 -23"><span class='ocrx_word' id='word_1_162' title='bbox 172 2444 301 2535; x_wconf 74' lang='grc' dir='ltr'><em>δήσιον]</em></span> <span class='ocrx_word' id='word_1_163' title='bbox 323 2444 383 2535; x_wconf 82' lang='grc' dir='ltr'><em>την</em></span> <span class='ocrx_word' id='word_1_164' title='bbox 405 2449 472 2511; x_wconf 80' lang='grc' dir='ltr'>νῦν</span> <span class='ocrx_word' id='word_1_165' title='bbox 483 2446 685 2529; x_wconf 83' lang='grc' dir='ltr'><em>καλουμένην</em></span> <span class='ocrx_word' id='word_1_166' title='bbox 703 2447 841 2529; x_wconf 80' lang='grc' dir='ltr'>Θμοῦιν.</span> <span class='ocrx_word' id='word_1_167' title='bbox 878 2446 917 2510; x_wconf 88' lang='lat'>11.</span> <span class='ocrx_word' id='word_1_168' title='bbox 933 2447 984 2512; x_wconf 81' lang='lat'>96.</span> <span class='ocrx_word' id='word_1_169' title='bbox 1012 2438 1201 2534; x_wconf 77' lang='grc' dir='ltr'><strong><em>Ἀταλάντη]</em></strong></span> <span class='ocrx_word' id='word_1_170' title='bbox 1224 2441 1244 2534; x_wconf 78' lang='grc' dir='ltr'><em>ἡ</em></span> <span class='ocrx_word' id='word_1_171' title='bbox 1268 2450 1324 2512; x_wconf 81' lang='grc' dir='ltr'>νῦν</span> 
     </span>
     <span class='ocr_line' id='line_1_22' title="bbox 173 2544 1325 2636; baseline -0.001 -21"><span class='ocrx_word' id='word_1_172' title='bbox 173 2551 331 2636; x_wconf 79' lang='grc' dir='ltr'><em>λεγομένη</em></span> <span class='ocrx_word' id='word_1_173' title='bbox 354 2546 560 2635; x_wconf 70' lang='grc' dir='ltr'><strong>Κασανδρέα.</strong></span> <span class='ocrx_word' id='word_1_174' title='bbox 596 2548 636 2614; x_wconf 90' lang='lat'>11.</span> <span class='ocrx_word' id='word_1_175' title='bbox 654 2551 705 2614; x_wconf 81' lang='lat'>96.</span> <span class='ocrx_word' id='word_1_176' title='bbox 731 2549 800 2613; x_wconf 80' lang='grc' dir='ltr'>Τοῦ</span> <span class='ocrx_word' id='word_1_177' title='bbox 814 2544 1012 2634; x_wconf 80' lang='grc' dir='ltr'><em>Στρυμόνος]</em></span> <span class='ocrx_word' id='word_1_178' title='bbox 1035 2547 1195 2635; x_wconf 79' lang='grc' dir='ltr'><em>Στρυμών</em></span> <span class='ocrx_word' id='word_1_179' title='bbox 1216 2573 1325 2615; x_wconf 74' lang='lat' dir='ltr'>nocc-</span> 
     </span>
     <span class='ocr_line' id='line_1_23' title="bbox 171 2639 1325 2738; baseline 0 -22"><span class='ocrx_word' id='word_1_180' title='bbox 171 2648 236 2736; x_wconf 85' lang='grc' dir='ltr'>μὸς</span> <span class='ocrx_word' id='word_1_181' title='bbox 253 2649 385 2738; x_wconf 80' lang='grc' dir='ltr'><em>Θρᾴκης</em></span> <span class='ocrx_word' id='word_1_182' title='bbox 399 2651 477 2735; x_wconf 77' lang='grc' dir='ltr'>περὶ</span> <span class='ocrx_word' id='word_1_183' title='bbox 493 2647 553 2735; x_wconf 80' lang='grc' dir='ltr'><em>τὴν</em></span> <span class='ocrx_word' id='word_1_184' title='bbox 567 2642 784 2736; x_wconf 78' lang='grc' dir='ltr'><em>Ἀμφίπολιν.</em></span> <span class='ocrx_word' id='word_1_185' title='bbox 814 2639 877 2734; x_wconf 80' lang='grc' dir='ltr'>ὅρα</span> <span class='ocrx_word' id='word_1_186' title='bbox 897 2646 1007 2714; x_wconf 76' lang='grc' dir='ltr'><em>πόθεν</em></span> <span class='ocrx_word' id='word_1_187' title='bbox 1030 2644 1165 2731; x_wconf 61' lang='grc' dir='ltr'>ἄρχεται</span> <span class='ocrx_word' id='word_1_188' title='bbox 1187 2647 1204 2716; x_wconf 80' lang='grc' dir='ltr'><em>ὃ</em></span> <span class='ocrx_word' id='word_1_189' title='bbox 1221 2656 1325 2737; x_wconf 80' lang='grc' dir='ltr'><em>Στρυ-</em></span> 
     </span>
     <span class='ocr_line' id='line_1_24' title="bbox 172 2745 1325 2839; baseline 0.003 -23"><span class='ocrx_word' id='word_1_190' title='bbox 172 2750 246 2836; x_wconf 79' lang='grc' dir='ltr'><em>μών</em></span> <span class='ocrx_word' id='word_1_191' title='bbox 267 2754 325 2817; x_wconf 84' lang='grc' dir='ltr'>καλ</span> <span class='ocrx_word' id='word_1_192' title='bbox 346 2754 415 2817; x_wconf 79' lang='grc' dir='ltr'>που</span> <span class='ocrx_word' id='word_1_193' title='bbox 438 2749 538 2839; x_wconf 77' lang='grc' dir='ltr'><em>λήγει.</em></span> <span class='ocrx_word' id='word_1_194' title='bbox 571 2752 628 2816; x_wconf 85' lang='grc' dir='ltr'>καὶ</span> <span class='ocrx_word' id='word_1_195' title='bbox 650 2749 700 2816; x_wconf 70' lang='grc' dir='ltr'>ἔτι</span> <span class='ocrx_word' id='word_1_196' title='bbox 720 2754 777 2816; x_wconf 83' lang='grc' dir='ltr'>καὶ</span> <span class='ocrx_word' id='word_1_197' title='bbox 799 2745 966 2828; x_wconf 84' lang='grc' dir='ltr'><em>ὁὌσκιος</em></span> <span class='ocrx_word' id='word_1_198' title='bbox 987 2745 1148 2836; x_wconf 65' lang='grc' dir='ltr'>(Ἄξιοςῗ)</span> <span class='ocrx_word' id='word_1_199' title='bbox 1172 2751 1325 2836; x_wconf 81' lang='grc' dir='ltr'><em>ποταμὸς</em></span> 
     </span>
    </p>
   </div>
   <div class='ocr_carea' id='block_1_3' title="bbox 172 2844 1459 2943">
    <p class='ocr_par' dir='ltr' id='par_1_4' title="bbox 172 2844 1459 2943">
     <span class='ocr_line' id='line_1_25' title="bbox 172 2844 1459 2943; baseline -0.003 -24"><span class='ocrx_word' id='word_1_200' title='bbox 172 2855 230 2919; x_wconf 80' lang='grc' dir='ltr'>καλ</span> <span class='ocrx_word' id='word_1_201' title='bbox 245 2848 399 2933; x_wconf 48' lang='grc' dir='ltr'><em>ὃιΝέσος,</em></span> <span class='ocrx_word' id='word_1_202' title='bbox 422 2850 461 2918; x_wconf 81' lang='grc' dir='ltr'><em>ὃν</em></span> <span class='ocrx_word' id='word_1_203' title='bbox 483 2844 580 2928; x_wconf 82' lang='grc' dir='ltr'><em>οὗτος</em></span> <span class='ocrx_word' id='word_1_204' title='bbox 595 2855 724 2929; x_wconf 82' lang='grc' dir='ltr'><em>Νέστος</em></span> <span class='ocrx_word' id='word_1_205' title='bbox 741 2853 836 2918; x_wconf 81' lang='grc' dir='ltr'><em>καλεῖ</em></span> <span class='ocrx_word' id='word_1_206' title='bbox 857 2854 924 2918; x_wconf 90' lang='grc' dir='ltr'>κτλ.</span> <span class='ocrx_word' id='word_1_207' title='bbox 963 2853 1001 2918; x_wconf 89' lang='grc' dir='ltr'>ΙΙ.</span> <span class='ocrx_word' id='word_1_208' title='bbox 1018 2857 1069 2919; x_wconf 78' lang='lat'>97.</span> <span class='ocrx_word' id='word_1_209' title='bbox 1091 2852 1246 2942; x_wconf 84' lang='grc' dir='ltr'><em>Λόβηρον</em></span> <span class='ocrx_word' id='word_1_210' title='bbox 1267 2853 1326 2943; x_wconf 81' lang='grc' dir='ltr'><em>τὴν</em></span> <span class='ocrx_word' id='word_1_211' title='bbox 1446 2900 1459 2915; x_wconf 90' lang='grc'><strong>.</strong></span> 
     </span>
    </p>
   </div>
   <div class='ocr_carea' id='block_1_4' title="bbox 172 2949 1328 3046">
    <p class='ocr_par' dir='ltr' id='par_1_5' title="bbox 172 2949 1328 3046">
     <span class='ocr_line' id='line_1_26' title="bbox 172 2949 1328 3046; baseline 0.002 -25"><span class='ocrx_word' id='word_1_212' title='bbox 172 2958 231 3022; x_wconf 81' lang='grc' dir='ltr'>νῦν</span> <span class='ocrx_word' id='word_1_213' title='bbox 258 2955 460 3042; x_wconf 79' lang='grc' dir='ltr'><em>καλουμένην</em></span> <span class='ocrx_word' id='word_1_214' title='bbox 485 2959 514 3018; x_wconf 91' lang='grc' dir='ltr'>Γ</span> <span class='ocrx_word' id='word_1_215' title='bbox 510 2958 619 3042; x_wconf 78' lang='grc' dir='ltr'><em>έβρην.</em></span> <span class='ocrx_word' id='word_1_216' title='bbox 662 2956 703 3023; x_wconf 93' lang='grc' dir='ltr'>Π.</span> <span class='ocrx_word' id='word_1_217' title='bbox 720 2958 769 3021; x_wconf 84' lang='grc'>99.</span> <span class='ocrx_word' id='word_1_218' title='bbox 792 2949 915 3042; x_wconf 80' lang='grc' dir='ltr'><em>Ἄξιον]</em></span> <span class='ocrx_word' id='word_1_219' title='bbox 944 2952 1004 3042; x_wconf 81' lang='grc' dir='ltr'><em>τὴν</em></span> <span class='ocrx_word' id='word_1_220' title='bbox 1034 2954 1205 3046; x_wconf 80' lang='grc' dir='ltr'><em>Βάρόαριν</em></span> <span class='ocrx_word' id='word_1_221' title='bbox 1232 2959 1328 3023; x_wconf 87' lang='grc' dir='ltr'><em>καλεῖ</em></span> 
     </span>
    </p>
   </div>
   <div class='ocr_carea' id='block_1_5' title="bbox 172 3151 1405 4154">
    <p class='ocr_par' dir='ltr' id='par_1_6' title="bbox 172 3151 1405 3481">
     <span class='ocr_line' id='line_1_27' title="bbox 263 3151 1325 3229; baseline 0 -18"><span class='ocrx_word' id='word_1_222' title='bbox 263 3160 286 3222; x_wconf 91' lang='grc'>1)</span> <span class='ocrx_word' id='word_1_223' title='bbox 303 3156 394 3211; x_wconf 85' lang='lat' dir='ltr'>Schol.</span> <span class='ocrx_word' id='word_1_224' title='bbox 414 3155 501 3211; x_wconf 87' lang='lat' dir='ltr'>Thuc.</span> <span class='ocrx_word' id='word_1_225' title='bbox 510 3155 558 3210; x_wconf 87' lang='lat' dir='ltr'>IV.</span> <span class='ocrx_word' id='word_1_226' title='bbox 571 3160 640 3211; x_wconf 82' lang='lat'><strong>135.:</strong></span> <span class='ocrx_word' id='word_1_227' title='bbox 660 3157 751 3210; x_wconf 81' lang='grc' dir='ltr'><em>ἰστέον</em></span> <span class='ocrx_word' id='word_1_228' title='bbox 769 3151 813 3211; x_wconf 76' lang='grc' dir='ltr'>ὅτι</span> <span class='ocrx_word' id='word_1_229' title='bbox 831 3158 867 3211; x_wconf 75' lang='grc' dir='ltr'>εἰσ</span> <span class='ocrx_word' id='word_1_230' title='bbox 884 3158 917 3211; x_wconf 81' lang='grc' dir='ltr'>τὸ</span> <span class='ocrx_word' id='word_1_231' title='bbox 933 3155 1042 3229; x_wconf 81' lang='grc' dir='ltr'><em>κομψὸν</em></span> <span class='ocrx_word' id='word_1_232' title='bbox 1058 3159 1105 3223; x_wconf 73' lang='grc' dir='ltr'>τῆς</span> <span class='ocrx_word' id='word_1_233' title='bbox 1122 3156 1246 3229; x_wconf 72' lang='grc' dir='ltr'><em>φράσειαν</em></span> <span class='ocrx_word' id='word_1_234' title='bbox 1259 3161 1325 3211; x_wconf 82' lang='grc' dir='ltr'><em>Θου·</em></span> 
     </span>
     <span class='ocr_line' id='line_1_28' title="bbox 173 3236 1405 3313; baseline 0 -19"><span class='ocrx_word' id='word_1_235' title='bbox 173 3237 282 3308; x_wconf 70' lang='grc' dir='ltr'><em>κυδίδης</em></span> <span class='ocrx_word' id='word_1_236' title='bbox 299 3239 438 3306; x_wconf 78' lang='grc' dir='ltr'><em>Αἰσχύλον</em></span> <span class='ocrx_word' id='word_1_237' title='bbox 455 3245 501 3294; x_wconf 74' lang='grc' dir='ltr'>καὶ</span> <span class='ocrx_word' id='word_1_238' title='bbox 518 3236 661 3309; x_wconf 73' lang='grc' dir='ltr'><em>Πίνδαρον</em></span> <span class='ocrx_word' id='word_1_239' title='bbox 678 3240 838 3309; x_wconf 73' lang='grc' dir='ltr'><em>ἐμιμήσατο,</em></span> <span class='ocrx_word' id='word_1_240' title='bbox 858 3244 885 3293; x_wconf 75' lang='grc' dir='ltr'>ές</span> <span class='ocrx_word' id='word_1_241' title='bbox 901 3238 933 3294; x_wconf 77' lang='grc' dir='ltr'>δέ</span> <span class='ocrx_word' id='word_1_242' title='bbox 949 3241 981 3294; x_wconf 85' lang='grc' dir='ltr'>τὸ</span> <span class='ocrx_word' id='word_1_243' title='bbox 998 3239 1113 3313; x_wconf 81' lang='grc' dir='ltr'><em>γόνιμον</em></span> <span class='ocrx_word' id='word_1_244' title='bbox 1129 3244 1188 3294; x_wconf 79' lang='grc' dir='ltr'><em>τῶν</em></span> <span class='ocrx_word' id='word_1_245' title='bbox 1206 3243 1325 3311; x_wconf 74' lang='grc' dir='ltr'><em>ἐνθομη·</em></span> <span class='ocrx_word' id='word_1_246' title='bbox 1402 3263 1405 3267; x_wconf 91' lang='grc'>·</span> 
     </span>
     <span class='ocr_line' id='line_1_29' title="bbox 172 3320 1325 3396; baseline 0.003 -19"><span class='ocrx_word' id='word_1_247' title='bbox 172 3321 272 3394; x_wconf 77' lang='grc' dir='ltr'><em>μάτων</em></span> <span class='ocrx_word' id='word_1_248' title='bbox 295 3324 345 3379; x_wconf 86' lang='grc' dir='ltr'><em>τὸν</em></span> <span class='ocrx_word' id='word_1_249' title='bbox 366 3325 462 3378; x_wconf 77' lang='grc' dir='ltr'><em>ἑαυτοῦ</em></span> <span class='ocrx_word' id='word_1_250' title='bbox 489 3321 654 3379; x_wconf 75' lang='grc' dir='ltr'><em>διδάσκαλον</em></span> <span class='ocrx_word' id='word_1_251' title='bbox 679 3320 867 3396; x_wconf 76' lang='grc' dir='ltr'><em>Ἀντιφῶντα,</em></span> <span class='ocrx_word' id='word_1_252' title='bbox 896 3328 933 3379; x_wconf 74' lang='lat' dir='ltr'>sis</span> <span class='ocrx_word' id='word_1_253' title='bbox 956 3322 987 3378; x_wconf 75' lang='grc' dir='ltr'>δέ</span> <span class='ocrx_word' id='word_1_254' title='bbox 1007 3324 1059 3391; x_wconf 86' lang='grc' dir='ltr'><em>τὴν</em></span> <span class='ocrx_word' id='word_1_255' title='bbox 1083 3324 1156 3389; x_wconf 81' lang='grc' dir='ltr'><em>λέξιν</em></span> <span class='ocrx_word' id='word_1_256' title='bbox 1180 3323 1325 3396; x_wconf 81' lang='grc' dir='ltr'><em>Πρόδικον,</em></span> 
     </span>
     <span class='ocr_line' id='line_1_30' title="bbox 173 3405 998 3481; baseline 0.001 -19"><span class='ocrx_word' id='word_1_257' title='bbox 173 3405 246 3463; x_wconf 75' lang='grc' dir='ltr'><em>ὅθεν</em></span> <span class='ocrx_word' id='word_1_258' title='bbox 263 3414 308 3461; x_wconf 73' lang='grc' dir='ltr'>καὶ</span> <span class='ocrx_word' id='word_1_259' title='bbox 326 3406 469 3481; x_wconf 32' lang='grc' dir='ltr'><em>Προδίκου,</em></span> <span class='ocrx_word' id='word_1_260' title='bbox 480 3408 549 3472; x_wconf 74' lang='grc' dir='ltr'><em>λέξις</em></span> <span class='ocrx_word' id='word_1_261' title='bbox 566 3414 596 3462; x_wconf 81' lang='grc' dir='ltr'><em>ἐν</em></span> <span class='ocrx_word' id='word_1_262' title='bbox 612 3411 653 3478; x_wconf 76' lang='grc' dir='ltr'>τῷ</span> <span class='ocrx_word' id='word_1_263' title='bbox 672 3415 786 3478; x_wconf 75' lang='grc' dir='ltr'><em>κειμένῳ</em></span> <span class='ocrx_word' id='word_1_264' title='bbox 805 3409 998 3479; x_wconf 75' lang='grc' dir='ltr'>σημειούμεθα.</span> 
     </span>
    </p>

    <p class='ocr_par' dir='ltr' id='par_1_7' title="bbox 174 3493 1326 4154">
     <span class='ocr_line' id='line_1_31' title="bbox 261 3493 1326 3559; baseline 0.002 -11"><span class='ocrx_word' id='word_1_265' title='bbox 261 3500 289 3559; x_wconf 77' lang='lat'>2)</span> <span class='ocrx_word' id='word_1_266' title='bbox 307 3494 408 3550; x_wconf 87' lang='lat' dir='ltr'>Fontes</span> <span class='ocrx_word' id='word_1_267' title='bbox 426 3494 522 3549; x_wconf 92' lang='lat' dir='ltr'>horum</span> <span class='ocrx_word' id='word_1_268' title='bbox 539 3494 705 3550; x_wconf 86' lang='lat' dir='ltr'>scholiorum</span> <span class='ocrx_word' id='word_1_269' title='bbox 719 3498 747 3550; x_wconf 90' lang='lat' dir='ltr'>et</span> <span class='ocrx_word' id='word_1_270' title='bbox 763 3494 873 3548; x_wconf 84' lang='lat' dir='ltr'>nomina</span> <span class='ocrx_word' id='word_1_271' title='bbox 890 3493 936 3547; x_wconf 89' lang='lat' dir='ltr'>uix</span> <span class='ocrx_word' id='word_1_272' title='bbox 954 3494 1019 3549; x_wconf 86' lang='lat' dir='ltr'>alibi</span> <span class='ocrx_word' id='word_1_273' title='bbox 1036 3495 1221 3550; x_wconf 85' lang='lat' dir='ltr'>inueniuntur.</span> <span class='ocrx_word' id='word_1_274' title='bbox 1257 3496 1326 3550; x_wconf 85' lang='lat' dir='ltr'>For·</span> 
     </span>
     <span class='ocr_line' id='line_1_32' title="bbox 174 3575 1325 3652; baseline -0.001 -19"><span class='ocrx_word' id='word_1_275' title='bbox 174 3594 247 3633; x_wconf 90' lang='lat' dir='ltr'>mam</span> <span class='ocrx_word' id='word_1_276' title='bbox 264 3575 397 3652; x_wconf 80' lang='grc' dir='ltr'><em>Δυράκιον</em></span> <span class='ocrx_word' id='word_1_277' title='bbox 415 3593 548 3647; x_wconf 85' lang='lat' dir='ltr'>nusquam</span> <span class='ocrx_word' id='word_1_278' title='bbox 571 3577 629 3634; x_wconf 84' lang='lat' dir='ltr'>iere</span> <span class='ocrx_word' id='word_1_279' title='bbox 645 3579 783 3644; x_wconf 87' lang='lat' dir='ltr'>inuenies,</span> <span class='ocrx_word' id='word_1_280' title='bbox 807 3579 858 3633; x_wconf 89' lang='lat' dir='ltr'>nisi</span> <span class='ocrx_word' id='word_1_281' title='bbox 875 3579 904 3632; x_wconf 92' lang='lat' dir='ltr'>in</span> <span class='ocrx_word' id='word_1_282' title='bbox 925 3579 1029 3635; x_wconf 92' lang='lat' dir='ltr'>scholio</span> <span class='ocrx_word' id='word_1_283' title='bbox 1046 3579 1171 3634; x_wconf 82' lang='lat' dir='ltr'>Ambros.</span> <span class='ocrx_word' id='word_1_284' title='bbox 1191 3580 1227 3635; x_wconf 84' lang='lat' dir='ltr'>ad</span> <span class='ocrx_word' id='word_1_285' title='bbox 1244 3579 1325 3635; x_wconf 85' lang='lat' dir='ltr'>Dion.</span> 
     </span>
     <span class='ocr_line' id='line_1_33' title="bbox 174 3658 1326 3739; baseline -0.001 -22"><span class='ocrx_word' id='word_1_286' title='bbox 174 3662 262 3717; x_wconf 69' lang='lat' dir='ltr'>Helio</span> <span class='ocrx_word' id='word_1_287' title='bbox 280 3681 298 3732; x_wconf 88' lang='lat' dir='ltr'>p</span> <span class='ocrx_word' id='word_1_288' title='bbox 316 3667 390 3718; x_wconf 81' lang='lat'>83³.:</span> <span class='ocrx_word' id='word_1_289' title='bbox 419 3658 593 3732; x_wconf 60' lang='grc' dir='ltr'><em>Ἐπίδαμνος]</em></span> <span class='ocrx_word' id='word_1_290' title='bbox 610 3666 662 3719; x_wconf 70' lang='grc' dir='ltr'>νῦν</span> <span class='ocrx_word' id='word_1_291' title='bbox 679 3661 824 3739; x_wconf 78' lang='grc' dir='ltr'><em>δυρράκιον</em></span> <span class='ocrx_word' id='word_1_292' title='bbox 840 3662 977 3728; x_wconf 77' lang='grc' dir='ltr'>καλεῖται,</span> <span class='ocrx_word' id='word_1_293' title='bbox 1001 3667 1072 3718; x_wconf 70' lang='grc' dir='ltr'><em>τινές</em></span> <span class='ocrx_word' id='word_1_294' title='bbox 1089 3662 1120 3717; x_wconf 78' lang='grc' dir='ltr'>δέ</span> <span class='ocrx_word' id='word_1_295' title='bbox 1136 3670 1181 3717; x_wconf 73' lang='grc' dir='ltr'>κατ’</span> <span class='ocrx_word' id='word_1_296' title='bbox 1198 3661 1326 3735; x_wconf 58' lang='lat' dir='ltr'>dapum</span> 
     </span>
     <span class='ocr_line' id='line_1_34' title="bbox 174 3745 1325 3818; baseline 0.002 -18"><span class='ocrx_word' id='word_1_297' title='bbox 174 3745 305 3801; x_wconf 75' lang='grc' dir='ltr'><em>καλοῦσιν</em></span> <span class='ocrx_word' id='word_1_298' title='bbox 322 3745 356 3803; x_wconf 87' lang='lat' dir='ltr'>of.</span> <span class='ocrx_word' id='word_1_299' title='bbox 367 3747 444 3802; x_wconf 79' lang='lat' dir='ltr'>Leon</span> <span class='ocrx_word' id='word_1_300' title='bbox 453 3747 554 3813; x_wconf 78' lang='lat' dir='ltr'>Sadde,</span> <span class='ocrx_word' id='word_1_301' title='bbox 573 3749 694 3816; x_wconf 79' lang='lat' dir='ltr'>Quaestt.</span> <span class='ocrx_word' id='word_1_302' title='bbox 713 3750 747 3804; x_wconf 92' lang='lat' dir='ltr'>de</span> <span class='ocrx_word' id='word_1_303' title='bbox 758 3748 884 3818; x_wconf 81' lang='lat' dir='ltr'>Dionysii</span> <span class='ocrx_word' id='word_1_304' title='bbox 895 3748 1004 3817; x_wconf 89' lang='lat' dir='ltr'>scriptis</span> <span class='ocrx_word' id='word_1_305' title='bbox 1021 3750 1122 3806; x_wconf 84' lang='lat' dir='ltr'>rhetor.</span> <span class='ocrx_word' id='word_1_306' title='bbox 1134 3749 1207 3804; x_wconf 93' lang='lat' dir='ltr'>Diss.</span> <span class='ocrx_word' id='word_1_307' title='bbox 1221 3751 1325 3817; x_wconf 79' lang='lat' dir='ltr'>Argen·</span> 
     </span>
     <span class='ocr_line' id='line_1_35' title="bbox 174 3831 1324 3902; baseline -0.001 -15"><span class='ocrx_word' id='word_1_308' title='bbox 174 3835 257 3887; x_wconf 78' lang='lat' dir='ltr'>toral.</span> <span class='ocrx_word' id='word_1_309' title='bbox 275 3832 329 3887; x_wconf 91' lang='lat' dir='ltr'>nol.</span> <span class='ocrx_word' id='word_1_310' title='bbox 345 3831 379 3885; x_wconf 90' lang='lat'>11.</span> <span class='ocrx_word' id='word_1_311' title='bbox 392 3848 419 3900; x_wconf 92' lang='lat' dir='ltr'>p.</span> <span class='ocrx_word' id='word_1_312' title='bbox 435 3835 491 3887; x_wconf 85' lang='grc'><strong>136.</strong></span> <span class='ocrx_word' id='word_1_313' title='bbox 527 3831 695 3900; x_wconf 78' lang='lat' dir='ltr'>Goslingslus</span> <span class='ocrx_word' id='word_1_314' title='bbox 713 3833 781 3888; x_wconf 86' lang='lat' dir='ltr'>duos</span> <span class='ocrx_word' id='word_1_315' title='bbox 804 3834 909 3889; x_wconf 89' lang='lat' dir='ltr'>inuenit</span> <span class='ocrx_word' id='word_1_316' title='bbox 927 3836 1007 3889; x_wconf 75' lang='lat' dir='ltr'>vlocos</span> <span class='ocrx_word' id='word_1_317' title='bbox 1031 3849 1047 3888; x_wconf 89' lang='lat' dir='ltr'>e</span> <span class='ocrx_word' id='word_1_318' title='bbox 1063 3833 1177 3902; x_wconf 80' lang='lat' dir='ltr'>Dionysi</span> <span class='ocrx_word' id='word_1_319' title='bbox 1200 3832 1324 3886; x_wconf 86' lang='lat' dir='ltr'>Halicar-</span> 
     </span>
     <span class='ocr_line' id='line_1_36' title="bbox 175 3916 1325 3991; baseline 0.001 -20"><span class='ocrx_word' id='word_1_320' title='bbox 175 3916 299 3972; x_wconf 87' lang='lat' dir='ltr'>nasensis</span> <span class='ocrx_word' id='word_1_321' title='bbox 318 3917 444 3991; x_wconf 88' lang='lat' dir='ltr'>operibus</span> <span class='ocrx_word' id='word_1_322' title='bbox 462 3916 627 3985; x_wconf 85' lang='lat' dir='ltr'>exscriptos,</span> <span class='ocrx_word' id='word_1_323' title='bbox 651 3918 698 3986; x_wconf 85' lang='lat' dir='ltr'>qui</span> <span class='ocrx_word' id='word_1_324' title='bbox 714 3917 744 3970; x_wconf 92' lang='lat' dir='ltr'>in</span> <span class='ocrx_word' id='word_1_325' title='bbox 761 3918 854 3974; x_wconf 88' lang='lat' dir='ltr'>codice</span> <span class='ocrx_word' id='word_1_326' title='bbox 869 3919 966 3973; x_wconf 85' lang='lat' dir='ltr'>PalE</span> <span class='ocrx_word' id='word_1_327' title='bbox 989 3921 1047 3975; x_wconf 86' lang='lat' dir='ltr'>solo</span> <span class='ocrx_word' id='word_1_328' title='bbox 1065 3918 1192 3973; x_wconf 89' lang='lat' dir='ltr'>uidentur</span> <span class='ocrx_word' id='word_1_329' title='bbox 1209 3921 1325 3972; x_wconf 85' lang='lat' dir='ltr'>exstare.</span> 
     </span>
     <span class='ocr_line' id='line_1_37' title="bbox 175 4000 1325 4071; baseline 0 -13"><span class='ocrx_word' id='word_1_330' title='bbox 175 4000 263 4068; x_wconf 81' lang='lat' dir='ltr'>Quam</span> <span class='ocrx_word' id='word_1_331' title='bbox 286 4017 344 4056; x_wconf 88' lang='lat' dir='ltr'>rem</span> <span class='ocrx_word' id='word_1_332' title='bbox 366 4001 421 4054; x_wconf 87' lang='lat' dir='ltr'>iam</span> <span class='ocrx_word' id='word_1_333' title='bbox 443 4007 507 4056; x_wconf 83' lang='lat' dir='ltr'>cute</span> <span class='ocrx_word' id='word_1_334' title='bbox 529 4001 604 4056; x_wconf 88' lang='lat' dir='ltr'>illum</span> <span class='ocrx_word' id='word_1_335' title='bbox 628 4001 788 4057; x_wconf 87' lang='lat' dir='ltr'>obseruauit</span> <span class='ocrx_word' id='word_1_336' title='bbox 805 4003 938 4058; x_wconf 78' lang='lat' dir='ltr'>ldeuucus</span> <span class='ocrx_word' id='word_1_337' title='bbox 961 4003 1116 4071; x_wconf 86' lang='lat' dir='ltr'>Stephanus</span> <span class='ocrx_word' id='word_1_338' title='bbox 1140 4001 1175 4055; x_wconf 82' lang='lat' dir='ltr'>ol.</span> <span class='ocrx_word' id='word_1_339' title='bbox 1194 4002 1325 4071; x_wconf 73' lang='lat' dir='ltr'>Kruegeu</span> 
     </span>
     <span class='ocr_line' id='line_1_38' title="bbox 174 4085 524 4154; baseline 0.009 -16"><span class='ocrx_word' id='word_1_340' title='bbox 174 4085 335 4154; x_wconf 76' lang='lat' dir='ltr'>Historiogr.</span> <span class='ocrx_word' id='word_1_341' title='bbox 354 4102 381 4154; x_wconf 89' lang='lat' dir='ltr'>p.</span> <span class='ocrx_word' id='word_1_342' title='bbox 390 4090 448 4141; x_wconf 76' lang='lat'>227.</span> <span class='ocrx_word' id='word_1_343' title='bbox 467 4089 524 4141; x_wconf 83' lang='lat' dir='ltr'>not.</span> 
     </span>
    </p>
   </div>
   <div class='ocr_carea' id='block_1_6' title="bbox 0 0 1581 4700">
    <p class='ocr_par' dir='ltr' id='par_1_8' title="bbox 0 0 1581 4700">
     <span class='ocr_line' id='line_1_39' title="bbox 0 0 1581 4700; baseline 0 0"><span class='ocrx_word' id='word_1_344' title='bbox 0 0 1581 4700; x_wconf 95' lang='lat' dir='ltr'> </span> 
     </span>
    </p>
   </div>
  </div>
 </body>
</html>
