3142 4700
652 1170 845 1249 VITA.

257 1478 360 1544 Natus
392 1495 452 1559 ego
483 1495 552 1541 sum
575 1474 766 1541 Guilielmus
789 1474 970 1542 Ludouious
996 1474 1148 1541 Ernestus
1171 1471 1329 1539 Schwabe

173 1594 336 1680 postridie·
351 1594 517 1662 Kalendas
539 1594 638 1661 Iulias
661 1594 736 1659 anni
756 1593 1006 1659 MDCOOLVIII
1027 1592 1060 1658 in
1082 1591 1201 1676 oppido
1225 1590 1327 1658 Roclr·

172 1715 238 1799 litu‚
260 1713 349 1797 regni
366 1712 526 1794 saxonici,
543 1730 605 1793 quo
621 1713 691 1777 loco
706 1720 801 1796 pater
815 1711 1006 1777 Guilielmus
1022 1708 1181 1776 Schwabe
1197 1727 1326 1775 munere

172 1831 303 1899 scholae
324 1830 457 1898 rectoris
479 1830 679 1928 fungebatur.
723 1827 818 1895 Fidei
839 1827 986 1895 addictus
1013 1847 1083 1894 sum
1106 1827 1324 1910 euangelioae.

172 1952 301 2016 Patrem
330 1948 499 2033 optimum,
529 1947 584 2029 qui
611 1947 711 2014 libros
740 1945 868 2013 diuinos
896 1946 931 2012 in
960 1946 1032 2013 uico
1056 1944 1327 2013 Kleinzsohoclr‘er

170 2065 257 2152 apud
280 2067 422 2151 Lipsiam
445 2066 506 2132 sito
528 2066 814 2151 interpretabatur,
837 2071 911 2132 ante
933 2071 998 2132 tres
1021 2085 1122 2132 annos
1145 2084 1327 2149 supremum

171 2185 257 2254 diem
286 2185 405 2253 obiisse
434 2184 641 2252 uehementer
671 2184 774 2251 doleo.
820 2185 922 2251 Matre
951 2183 1157 2250 Guilielmina
1186 2204 1203 2250 e
1231 2190 1328 2266 gente

138 2302 141 2306 “
171 2303 319 2372 Petroldt
340 2304 446 2370 adhuc
468 2304 638 2389 superstite
662 2304 772 2370 laetor.
891 2282 894 2286 Α

258 2422 433 2489 Elementis
455 2424 633 2489 litterarum
655 2442 675 2487 a
696 2427 789 2506 patre
811 2422 972 2488 institutus
994 2421 1162 2506 gymnasio
1185 2419 1326 2486 Nicolai-

172 2546 248 2606 tano
267 2539 435 2625 Lipsiensi‚
458 2538 545 2621 quod
567 2544 634 2605 tum
657 2538 766 2623 Lipsii,
790 2538 1009 2623 praeceptoris
1032 2537 1197 2620 carissimi,
1220 2538 1326 2632 auspi-

172 2658 229 2725 ciis
251 2656 402 2739 florebat,
426 2656 563 2724 traditus
586 2678 665 2724 sum.
703 2656 784 2723 Cum·
806 2661 1030 2741 praeceptores
1049 2676 1100 2723 me
1115 2662 1188 2742 post
1202 2661 1326 2740 septem

171 2796 271 2844 annos
293 2777 383 2843 initio
413 2776 489 2842 anni
511 2775 809 2842 MDGOCLXXVII
837 2773 1031 2841 academicis
1057 2773 1173 2841 studiis
1195 2774 1327 2858 dignum

36 2977 40 2983 Ι
170 2894 375 2977 iudicassent,
391 2893 633 2961 uniuersitatem
645 2892 845 2979 Lipsiensem
859 2890 935 2977 adii,
947 2893 1002 2959 ubi
1017 2912 1075 2977 per
1089 2897 1213 2976 septem
1225 2913 1326 2961 seme·

170 3013 248 3079 stria
267 3012 418 3097 auspiciis
434 3012 549 3097 Curtii,
572 3011 757 3096 lloksteinii,
781 3012 923 3090 Heinzei,
946 3011 1085 3097 Langei‚
1100 3010 1327 3096 Lipsiiffluer-

169 3131 285 3215 beslii,
298 3129 478 3213 Ribbeokii,
491 3130 653 3213 Roscheri‚
671 3130 845 3216 Springeri‚
858 3129 986 3214 Voigtii,
997 3129 1152 3215 Wundtii,
1169 3129 1327 3196 Zamckei

170 3246 287 3327 studiis
302 3249 512 3334 philologieis
540 3268 671 3333 operam
694 3247 780 3315 dedi.
825 3248 953 3316 Sodalis
981 3247 1203 3331 proseminarii
1225 3246 1327 3331 philo·

168 3366 266 3450 logici
287 3367 333 3432 fui
354 3386 416 3452 per·
438 3373 588 3451 quattuor
603 3367 786 3448 semestris,
805 3364 972 3431 seminarii
993 3364 1179 3450 philologici
1193 3385 1250 3450 per
1265 3365 1326 3430 tria

170 3485 335 3551 semestris
366 3484 488 3553 sodalis
520 3483 715 3569 ordinarius,
749 3504 900 3551 necnon
931 3481 1094 3550 societatis
1123 3482 1322 3564 antiquariae

169 3602 291 3685 Langei
306 3622 365 3687 per
380 3608 544 3688 quattuor,
567 3604 751 3695 philologae
766 3600 936 3668 Ribbeokii
957 3608 988 3667 et
1011 3600 1210 3683 antiquariae
1226 3600 1328 3687 Lipsii

138 3803 150 3819 .
169 3741 227 3805 per
249 3718 312 3787 duo
336 3723 513 3788 semestria.
551 3722 673 3800 Quibus
688 3722 765 3788 uiris
781 3720 929 3787 omnibus
949 3719 1069 3805 optime
1085 3720 1125 3787 de
1140 3740 1191 3786 me
1206 3718 1327 3785 meritis

168 3839 290 3921 gratias
312 3838 417 3906 habeo
440 3857 633 3924 semperque
655 3839 782 3906 habebo
805 3839 858 3905 uel
881 3838 1048 3905 maximas.
