3142 4700
291 273 352 331 124
726 275 861 330 Ernestus
878 275 1008 330 Schwabe

284 462 428 548 Aspasio
448 463 566 547 Byblio
588 463 669 532 haec
689 463 814 530 scholia
834 462 1017 530 attribuisse
1039 463 1178 530 uidimus
1200 484 1231 548 p.
1243 468 1312 549 85„
1334 465 1439 532 minus
1554 454 1555 477 ³

289 584 367 630 uera
389 564 522 631 uidetur.
559 564 702 648 Accedit,
725 564 813 647 quod
833 565 890 631 illa
911 565 1034 631 scholia
1048 564 1237 651 Aeschines,
1260 567 1320 633 etsi
1335 568 1440 652 Aspa-

289 665 355 733 sius
370 668 470 733 semel
484 668 673 753 nominatur,
695 668 802 752 potius
823 667 866 734 ad
887 667 1044 733 atticistas
1065 667 1233 734 referenda
1247 676 1330 751 sunt,
1353 669 1440 751 quod
1554 732 1555 761 3

289 769 351 836 boc
372 770 443 836 loco
465 790 524 854 pro
545 789 620 837 uero
637 790 755 854 ponere
770 770 875 852 liceat,
897 788 960 835 non
976 767 1018 833 ad
1032 769 1195 835 Zosimum
1209 770 1439 856 Ascalonitam,

288 877 324 937 ut
344 872 455 936 Nabar
476 871 601 954 Proleg.
622 873 642 937 l.
660 872 681 937 l.
702 875 735 938 et
755 870 940 938 Dindorfius
967 870 1071 937 Praei.
1094 871 1138 936 ad
1162 871 1262 939 schol.
1284 873 1437 940 Aeschin.

289 972 526 1041 contenderunt
559 973 674 1040 Mirum
688 973 825 1058 uidetur,
840 972 926 1055 quod
941 971 1058 1039 Suidas
1073 992 1097 1038 s.
1109 994 1140 1039 u.
1155 972 1323 1061 κρωβύλος
1337 976 1438 1042 multo

289 1075 382 1160 plura
404 1094 506 1157 eaque
528 1075 681 1141 maiorem
702 1083 843 1142 aetatem
864 1073 1056 1156 redolentia,
1084 1094 1181 1158 quam
1203 1075 1382 1160 Hesychius
1406 1086 1440 1144 ct

288 1177 421 1244 Plotius
443 1178 487 1259 gl.
503 1180 551 1259 2.,
578 1178 713 1260 profert:
742 1175 910 1263 κρωβύλος
931 1171 949 1241 δ
971 1172 1099 1258 μαλλδς
1124 1177 1190 1241 τῶν
1212 1176 1360 1243 παιδίων
1382 1180 1440 1244 καὶ

290 1273 307 1343 ὁ
329 1276 517 1360 πλόκαμος,
545 1275 584 1344 δν
606 1278 779 1362 διέβαλλον
802 1279 836 1344 οἱ
857 1276 914 1344 τὸν
933 1280 1074 1364 χρυσοῦν
1095 1281 1226 1363 τέττιγα
1247 1282 1439 1367 φοροῦντες.
1554 1356 1555 1359 ¹

290 1372 454 1468 ἆνάδημα.
476 1379 600 1463 κόσμος
615 1379 650 1446 ἐκ
662 1384 782 1467 τριχῶν
799 1381 1036 1465 πεπλεγμένος.
1060 1377 1094 1444 ἒν
1109 1376 1337 1466 ἐπιγράμματι
1359 1379 1440 1466 (An-

288 1483 366 1549 thol.
382 1483 450 1548 Pal.
461 1483 513 1547 VI.
529 1482 626 1565 155.):
1050 1560 1053 1565 4

375 1576 485 1661 ἅλικες
507 1584 546 1649 αἵ
564 1608 601 1649 τε
621 1583 723 1667 κόμαι
743 1585 801 1650 καὶ
821 1579 839 1649 ὁ
863 1582 1044 1671 κρωβύλος,
1067 1580 1105 1660 ὃς
1127 1575 1195 1650 ἀπὸ
1222 1588 1349 1667 Φοίβου

462 1685 589 1764 ντέξατο
611 1687 792 1774 μολποστᾷ
813 1689 923 1769 κῶμος
944 1680 962 1751 δ
985 1689 1169 1773 τετραέτης.

289 1790 449 1876 Ξενοφῶν
467 1788 584 1871 (Anab.
597 1790 633 1857 V.
647 1794 676 1855 4.
691 1788 769 1870 13.)·
793 1783 880 1869 ε’χον
905 1787 940 1853 δὲ
962 1786 1063 1876 κράνη
1087 1785 1230 1868 σκύτινα,
1254 1786 1375 1876 οἷάπερ
1396 1786 1440 1854 τὰ

289 1889 548 1979 Παφλαγονικδι,
576 1889 745 1977 κρωβύλον
773 1888 889 1971 ἔχοντα
917 1887 1001 1954 κατὰ
1029 1894 1147 1973 μέσον,
1179 1887 1343 1975 ἐγγυτάτω
1364 1914 1440 1955 τια-

290 1991 412 2079 ροειδῆ.
458 1992 541 2071 Quia
562 1994 695 2060 Photius
716 1996 759 2078 gl.
777 1997 807 2058 2.
830 1998 863 2059 et
883 1991 1063 2076 Hesychius
1084 1992 1171 2059 idem
1196 1995 1354 2077 referunt,
1384 1993 1440 2059 uni

290 2113 331 2159 ex
347 2094 496 2160 atticistis
511 2099 580 2160 tota
600 2094 681 2162 haec
703 2095 875 2179 explicatio
897 2094 1023 2160 uidetur
1044 2093 1215 2161 tribuenda
1237 2115 1317 2179 esse,
1341 2114 1439 2178 quam

289 2216 361 2262 cum
382 2195 470 2280 apud
492 2196 625 2263 Suidam
646 2197 822 2282 pleniorem
844 2195 1019 2263 habeamus
1043 2215 1149 2279 neque
1178 2202 1244 2261 tam
1273 2196 1438 2264 detrunca-

289 2303 371 2381 tam,
395 2317 491 2380 quam
513 2303 618 2365 exstat
638 2299 671 2365 in
694 2297 803 2366 codice
826 2297 986 2383 Galeano,
1010 2297 1143 2365 Suidam
1164 2318 1227 2365 non
1249 2319 1290 2366 ex
1312 2299 1439 2385 Photic,

289 2407 325 2467 ut
340 2401 479 2468 Cobetus
495 2409 527 2468 et
540 2402 651 2468 Nabar
666 2401 904 2485 contenderunt,
926 2399 984 2469 sed
1002 2401 1107 2485 potius
1129 2422 1170 2468 ex
1191 2400 1279 2468 illius
1299 2400 1440 2469 fontibus

289 2502 435 2569 hausisse
458 2503 634 2587 credemus,
655 2506 695 2570 ol.
710 2524 741 2587 p.
755 2507 805 2568 80.

281 2640 294 2664 .
375 2602 465 2682 Quae
486 2605 514 2671 si
535 2606 700 2688 concedis,
728 2624 813 2671 noua
838 2605 983 2687 quaestio
1011 2603 1124 2685 oritur,
1153 2602 1237 2670 unde
1259 2603 1440 2690 Hesychius

289 2726 364 2790 sua,
393 2707 512 2791 quippe
539 2726 622 2789 quae
649 2713 816 2791 tantopere
843 2706 1023 2791 discrepent
1044 2725 1065 2769 a
1087 2706 1207 2772 Suidae
1233 2706 1356 2791 glossa,
1383 2707 1440 2773 de·
1551 2732 1556 2757 =

272 2809 489 2893 prompserit.
520 2810 672 2875 Fortasse
694 2815 780 2875 tota
801 2809 910 2891 glossa
924 2808 1068 2894 pertinet
1089 2809 1132 2874 ad
1153 2810 1258 2874 locum
1281 2807 1441 2891 quendam
1552 2813 1556 2842 ¹

290 2916 460 2993 oratorum,
482 2917 518 2975 ut
538 2931 653 2978 nomen
668 2910 845 2994 Hegesippi
860 2909 883 2992 ¹)
906 2910 1032 2976 uidetur
1053 2911 1281 2995 demonstrare,
1303 2911 1342 2977 cf.
1359 2910 1441 2977 Har·
1552 2911 1556 2947 '³

290 3031 375 3097 poor.
398 3031 423 3077 s.
438 3031 468 3077 u.
490 3009 673 3096 κρωβύλος·
695 3009 862 3097 Αἰσχίνης
881 3009 915 3076 ἒν
929 3012 977 3095 τῶ
991 3008 1075 3075 κατὰ
1090 3014 1331 3099 Κτησιφῶντος
1342 3007 1440 3100 Ἡγή-
1554 3015 1556 3049 f

291 3134 421 3187 σιττττος
447 3115 507 3194 μέν
534 3109 625 3177 ἐστιν
647 3106 665 3178 o‘
688 3110 890 3195 καλούμενος
915 3109 1105 3198 Κρωβύλος.
1138 3118 1258 3200 κυρίοις
1287 3113 1323 3178 δὲ
1352 3109 1441 3191 εἶδός
1551 3114 1556 3155 ‘3

290 3239 324 3281 τι
346 3213 514 3302 ἐμπλοκῆς
536 3210 625 3279 ἐστιν
647 3208 664 3278 ὃ
688 3212 864 3300 κρωβύλος,
887 3212 979 3280 καθά
1006 3237 1090 3302 φησι
1114 3214 1317 3303 Θουκυδίδης
1340 3213 1373 3282 ἐν
1397 3216 1440 3282 α’.
1551 3217 1556 3257 ²

290 3316 357 3384 Sed
372 3324 459 3384 certa
473 3320 612 3403 prolerre
626 3337 691 3384 non
705 3336 796 3399 queo.
834 3317 954 3385 Suidae
968 3318 1077 3402 glossa
1090 3319 1184 3384 tertia
1198 3317 1346 3385 conuenit
1367 3339 1441 3386 cum
1552 3322 1556 3358 a

290 3419 386 3486 Photi
406 3421 515 3505 glossa
536 3419 657 3504 priore,
685 3418 806 3486 Suidae
832 3422 940 3505 glossa
967 3420 1069 3485 altera
1097 3420 1141 3486 ad
1158 3419 1306 3486 eundem
1334 3421 1442 3486 locum
1551 3422 1556 3463 l

290 3521 457 3588 referenda
485 3521 612 3588 uidetur
640 3526 737 3603 atque
767 3541 826 3589 eae
854 3523 997 3605 glossae,
1027 3528 1210 3604 quaesunt
1237 3522 1443 3624 in'Grameri

378 3709 402 3769 l)
419 3705 548 3774 Hesych.:
566 3700 718 3775 κρωβύλον·
735 3701 750 3757 δ
768 3702 869 3772 μαλλδτ
885 3706 945 3757 τῶν
963 3702 1073 3758 παίδων
1089 3700 1106 3772 ἢ
1123 3700 1139 3758 δ
1155 3705 1290 3777 κόρυμβος
1306 3708 1355 3774 τῆς
1511 3743 1515 3750 -
1551 3709 1556 3738 ”

290 3796 320 3846 da
337 3789 437 3855 πλοκῆς
452 3788 504 3862 γάρ
522 3792 599 3842 ἐστιν
615 3785 751 3860 ἀνηγμένη
768 3785 823 3842 ἀπὸ
839 3794 923 3857 μέσου
947 3791 995 3842 τοῦ
1017 3788 1146 3857 μετώπου
1169 3793 1216 3843 ἐπὶ
1237 3788 1290 3856 τὴν
1313 3789 1443 3862 κορυφήν.
1548 3810 1551 3824 ν

290 3872 364 3930 ούτω
386 3873 416 3928 δὲ
437 3881 483 3928 καὶ
500 3871 515 3928 ὁ
533 3871 625 3944 ῥήτωρ
641 3870 810 3945 Ἡγήσιππον
831 3880 878 3927 καὶ
900 3872 1016 3947 ῒδήγγοτ
1039 3872 1160 3928 §sabico
1181 3867 1327 3948 κρωβύλον.
1357 3880 1403 3927 καὶ
1425 3873 1442 3930 ὁ
1548 3933 1556 3951 ‚v

253 4000 256 4007 .
290 3959 389 4028 μαλλὸτ
406 3961 465 4013 τῶν
482 3957 603 4013 αἰδοίων.
638 3959 706 4014 Gum
723 3960 769 4015 illo
787 3960 895 4015 uidetur
913 3959 1055 4016 concinere
1072 3960 1162 4029 Etym.
1175 3960 1247 4029 Mag.
1261 3977 1289 4029 p.
1300 3965 1375 4025 541„
1393 3960 1442 4015 uhi

290 4045 358 4101 haec
374 4046 409 4114 gl.
426 4045 535 4117 legitur:
560 4041 721 4115 Κρωβύλος·
740 4043 828 4113 ὄνομα
844 4044 947 4119 κύριον.
1547 4066 1551 4076 ⁴
