3142 4700
464 303 586 359 132
1335 299 1606 354 Ernestus
1642 299 1902 355 Schwabe

462 470 811 559 στυράκιόν
857 469 1037 537 ἐστιν
1089 465 1124 536 ὅ
1170 467 1577 553 καλούμενος
1636 467 1984 556 σαυρωτὴρ
2038 473 2168 535 τῶν
2216 468 2534 557 δοράτων.
2622 469 2764 536 Hoc

458 576 652 659 igitur
693 574 980 642 scholion
1021 574 1361 657 genuinam
1418 573 1688 639 formam
1735 572 1872 638 eius
1917 572 2231 658 opinionis
2277 573 2531 663 uidetur
2572 592 2753 656 prae-

459 679 614 744 bere
632 727 649 760 ,
708 697 900 760 quam
943 676 1230 743 scholion
1272 675 1436 741 illud
1493 676 1841 761 impugnat.
1931 675 2241 743 Conuenit
2305 696 2448 742 cum
2516 674 2760 741 scholio

459 780 660 845 altero
704 779 922 862 glossa
963 777 1280 862 Hesychi:
1326 775 1577 864 στύραξ
1590 795 1605 808 ·
1665 773 2011 863 σαυρωτὴρ
2055 779 2175 842 τοῦ
2220 774 2531 863 δόρατος,
2596 795 2761 858 quae

460 881 691 948 eadem
735 886 832 947 est
875 881 1050 965 apud
1093 877 1361 945 Suidam
1375 931 1394 965 ,
1455 879 1572 946 sed
1627 881 1818 964 paulo
1864 886 2123 946 mutata.
2212 880 2524 946 Auctores
2567 878 2759 962 igitur

457 984 646 1049 huius
675 982 901 1048 scholii
931 989 1150 1068 aperte
1179 987 1326 1049 sunt
1353 981 1692 1065 atticistae,
1738 1000 2126 1064 quamquam
2169 981 2503 1064 nescimus,
2548 986 2756 1046 utrum

457 1083 532 1152 τὸ
568 1083 760 1163 ξύλον
789 1082 1012 1168 (301101.
1045 1083 1149 1169 1.),
1192 1105 1275 1150 an
1304 1078 1339 1148 ὁ
1375 1080 1725 1170 σαυρωτήρ
1769 1081 1996 1166 (301101.
2024 1083 2111 1166 2.)
2146 1082 2531 1167 scripserint.
2607 1083 2756 1147 Am-

456 1190 706 1277 monius
734 1208 796 1272 p.
828 1188 965 1250 132.
1011 1185 1348 1251 Valcken.:
1395 1183 1647 1271 στύραξ
1684 1185 1994 1271 θηλυκῶς
2025 1183 2145 1267 μὲν
2176 1183 2511 1267 θύμίαμα,
2560 1175 2757 1269 ἆρσε-

457 1282 654 1366 νικῶς
712 1286 784 1352 δὲ
825 1283 901 1351 τὸ
952 1283 1143 1362 ξύλον
1200 1288 1318 1351 τοῦ
1377 1279 1683 1352 ἀκοντίου
1740 1287 1855 1369 (ex
1902 1286 2129 1353 eodem
2184 1305 2340 1353 sane
2382 1289 2557 1353 fonte
2601 1285 2755 1351 hau-

457 1391 659 1476 riens)
691 1388 972 1465 tradidit.
1046 1390 1249 1455 Paulo
1293 1388 1694 1454 immutatam
1737 1388 2028 1456 inuenies
2070 1388 2354 1471 glossam
2392 1389 2565 1474 apud
2592 1388 2756 1454 Har-

457 1495 889 1583 pocrationem
935 1510 987 1557 s.
1020 1513 1079 1557 u.
1139 1498 1204 1557 et
1259 1490 1662 1556 Eustathium
1716 1511 1777 1575 p.
1813 1494 1963 1574 795,
1996 1493 2095 1557 36.
2183 1490 2468 1556 Priorem
2529 1489 2756 1557 scholii

455 1605 701 1684 partem
758 1595 952 1682 paulo
1012 1599 1462 1659 commutatam
1520 1594 1748 1660 iterum
1807 1592 2070 1659 exhibet
2124 1592 2414 1660 scholion
2472 1591 2559 1657 ad
2615 1592 2753 1657 Ari-

456 1696 665 1782 stoph.
710 1696 900 1781 Vesp.
947 1716 1006 1761 11.
1035 1699 1205 1761 155.:
1276 1693 1603 1778 βάλανον·
1659 1691 1776 1761 τὸν
1819 1692 2093 1776 μοχλόν·
2137 1699 2378 1780 κυρίως
2422 1693 2495 1758 δὲ
2536 1691 2612 1760 τὸ
2662 1692 2757 1771 εἷς

454 1796 571 1863 τὸν
614 1794 858 1880 μοχλὸν
905 1795 1234 1884 σιδήριον,
1279 1795 1317 1863 ὃ
1349 1798 1673 1881 καλοῦμεν
1716 1794 2069 1882 μάγγανον.
2114 1798 2225 1862 καὶ
2266 1794 2549 1880 βάλανοι
2586 1796 2755 1883 μάγ-
2795 1809 2807 1817 '

453 1923 622 1984 γανα
666 1901 784 1986 τῆς
824 1897 1265 1974 κλειὸώσεως·
1311 1901 1422 1979 καὶ
1462 1897 1927 1984 βεβαλάνωται
1972 1891 2120 1963 ἀντὶ
2152 1901 2272 1964 τοῦ
2312 1898 2754 1966 κεκλείόωται.

454 2002 568 2065 καὶ
618 1999 1005 2087 βαλανάγρα
1063 1995 1101 2088 ἡ
1159 2000 1336 2076 κλεὶς
1390 1999 1595 2084 παρὰι
1635 1998 1710 2067 τὸ
1776 1993 2073 2087 ἀγρεύειν
2124 1997 2241 2066 τὸν
2295 1999 2605 2084 βάλανον.
2672 2003 2752 2068 cf.

457 2103 635 2170 Suid.
663 2123 713 2170 s.
744 2124 826 2189 u.‚
870 2102 1083 2169 Schol.
1113 2102 1439 2186 Aristoph.
1470 2104 1716 2171 Ecclcs.
1748 2124 1807 2169 u.
1833 2107 1977 2169 361.
2022 2104 2146 2170 Au.
2180 2124 2237 2170 u.
2273 2108 2455 2170 1159.
2525 2104 2753 2170 Cetera

452 2205 665 2272 lexica
715 2208 930 2272 tacent
991 2210 1247 2290 practer
1299 2204 1727 2291 Hesychium,
1795 2205 1903 2287 qui
1964 2205 2161 2271 tradit
2216 2204 2605 2292 βαλανάγρα
2624 2223 2638 2237 ·
2708 2199 2746 2292 ἦ

454 2308 650 2384 κλείς.
709 2307 880 2387 Quid
907 2306 1101 2391 igitur
1128 2307 1278 2374 inde
1308 2305 1812 2375 concludendum
1844 2307 1981 2375 est‘?
2028 2308 2424 2393 Goslingsius
2455 2308 2751 2376 3110011111

456 2417 821 2495 tractasset,
878 2410 1017 2476 sine
1059 2408 1256 2477 dubio
1300 2411 1650 2495 Didymum
1695 2417 2021 2478 auctorem
2064 2411 2263 2477 fuisse
2306 2410 2751 2495 contendisset,

457 2532 644 2595 quem
705 2519 1028 2578 auctorem
1086 2530 1228 2579 esse
1282 2515 1551 2580 fortasse
1610 2512 2051 2596 concederem,
2110 2512 2234 2577 nisi
2275 2512 2542 2578 Photius
2599 2511 2750 2579 defi-

456 2620 644 2682 ceret.
730 2615 943 2679 Meam
987 2614 1044 2679 si
1085 2614 1186 2679 uis
1230 2614 1452 2701 audire
1493 2614 1875 2681 sententiam
1890 2664 1907 2699 ‚
1964 2614 2132 2681 hanc
2176 2633 2429 2697 quoque
2470 2615 2752 2697 glossam

456 2738 539 2782 ex
582 2716 1004 2783 atticistarum
1047 2716 1271 2782 lexicis
1312 2716 1577 2802 petitam
1622 2736 1761 2783 esse
1804 2716 2017 2783 iudico
2035 2768 2052 2801 ,
2097 2722 2289 2798 atque
2335 2715 2420 2781 ab
2462 2716 2593 2783 illis
2628 2719 2751 2782 for-

385 2860 394 2866 ·
452 2826 628 2886 tasse
684 2840 721 2886 e
763 2818 1027 2904 Didymi
1084 2818 1362 2902 quodam
1415 2818 1624 2886 lexico
1681 2826 2066 2902 excerptam.
2155 2818 2339 2895 Quae
2397 2817 2612 2902 opinio
2672 2838 2748 2884 00

453 2919 882 3003 confirmatur,
928 2920 1080 3010 quia
1120 2920 1188 2984 in
1214 2920 1454 2988 Anccd.
1485 2919 1747 2986 Bachm.
1771 2922 1823 2985 I.
1854 2923 1994 3005 180,
2020 2924 2077 2986 8.
2128 2918 2355 2987 cadem
2384 2921 2603 3003 glossa
2635 2940 2743 2985 ex-

454 3029 613 3105 stat,
672 3021 863 3104 quod.
898 3019 1156 3088 lexicon
1210 3020 1524 3106 imprimis
1567 3041 1604 3087 e
1651 3021 1965 3106 Dionysio
2024 3028 2089 3088 et
2128 3022 2451 3088 Pausania
2495 3020 2742 3088 deriua-

455 3131 592 3191 tum
635 3144 778 3191 esse
821 3122 1060 3207 optime
1103 3122 1563 3191 demonstrauit
1605 3122 1826 3192 Naber
1866 3124 2117 3220 Proleg.
2164 3144 2225 3208 p.
2256 3128 2395 3190 136.

1501 3399 1542 3477 ἓ
1595 3401 1690 3463 11.

629 3528 837 3608 Supra
869 3532 989 3592 iam
1025 3529 1278 3613 saepius
1307 3530 1800 3615 Hesychium
1843 3521 2179 3599 nonnullas
2214 3532 2482 3616 glossas,
2529 3538 2750 3617 aperte

456 3652 601 3692 cum
633 3628 925 3692 [1111013113
957 3630 1374 3716 concinente&
1407 3631 1773 3699 exhibuisse
1803 3632 2095 3700 uidimus.
2164 3632 2322 3699 Ideo
2352 3633 2531 3700 initio
2561 3632 2749 3699 huius

460 3732 685 3812 capitis
733 3752 789 3812 p.
817 3736 917 3792 ¹:³3.
969 3732 1156 3796 stiam
1201 3734 1619 3800 atticistarum
1664 3733 1875 3799 lexica
1911 3733 1997 3799 ad
2028 3734 2593 3801 consarcinandam
2622 3735 2747 3802 He-

456 3836 637 3912 syc-hi
685 3834 909 3896 1111111111]
961 3831 1252 3897 adhibita
1295 3852 1438 3899 esse
1483 3834 1883 3902 coniecimUS.
1971 3836 2113 3913 Qua
2156 3835 2239 3903 de
2281 3857 2351 3903 re
2396 3837 2518 3903 etsi
2560 3837 2750 3917 longe

460 3936 645 4000 alite-1·
689 3936 769 4000 ab
817 3936 961 4000 aliis
1005 3934 1158 4001 uiris
1196 3934 1419 4020 doctis,
1463 3936 1777 4023 imprimis
1822 3958 1864 4002 a
1906 3939 2167 4004 Batauis
2210 3937 2559 4005 iudicatum
2606 3956 2748 4005 csse

452 4037 689 4117 optime
749 4037 909 4117 scio,
977 4045 1188 4104 tamen
1245 4058 1387 4104 cum
1447 4038 1836 4122 Schmidti0,
1900 4038 2385 4124 Rindfleischio,
2450 4043 2746 4126 Boyseno
