3142 4700
331 256 372 311 94
763 250 1047 307 ErnestusSchvahe

330 423 461 491 maioris
482 422 685 505 antiquitatis
706 430 741 488 et
760 423 927 508 amplioris
949 422 1142 491 eruditionis
1185 423 1277 502 Quae
1298 427 1348 488 est
1369 423 1479 506 opinio

329 526 470 611 Boyscni
483 547 515 611 p.
528 530 579 591 36.
594 544 675 607 sqq„
698 545 794 607 quam
817 531 927 592 oonha
941 525 1096 590 Cohetum
1119 530 1152 591 et
1166 525 1330 591 Naberum
1345 525 1478 610 obtinet,

329 628 385 713 qui
406 627 541 695 Suidam
571 629 638 693 iere
667 626 746 692 nihil
769 646 841 693 esse
868 622 930 693 nisi
951 628 1058 692 Photii
1078 627 1287 712 apographon
1307 627 1478 692 contende·

329 736 418 812 runt,
451 731 491 795 cl·
512 728 635 794 Naheri
656 729 782 811 Proleg.
810 729 940 813 passim.
984 730 1090 795 Etiam
1112 728 1174 795 hae
1201 729 1234 793 iu
1255 728 1479 809 disunisitione

328 829 460 915 saepius
481 829 615 897 Suidam
638 831 732 914 plere
752 835 850 913 atque
871 830 1015 897 doctiora
1042 852 1139 915 quam
1160 831 1309 897 Photium
1330 830 1478 896 attulisse

328 931 517 1000 uidebimus.

414 1039 444 1102 2.
467 1035 614 1118 Scholia,
637 1034 747 1116 qualia
768 1053 852 1099 nunc
873 1034 1041 1114 habemus,
1065 1056 1083 1103 e
1105 1034 1216 1101 codice
1235 1033 1374 1118 quodam
1388 1035 1474 1101 Thu-

328 1136 466 1223 cydideo
497 1129 667 1213 αὖτολεξεί
695 1136 918 1221 transscripsit
963 1135 1065 1214 Quam
1096 1157 1162 1203 rem
1191 1137 1256 1204 iam
1278 1139 1415 1225 Kuester
1441 1138 1476 1202 iu

329 1237 450 1305 Suidse
478 1238 618 1305 editione
647 1245 679 1304 et
700 1238 814 1305 Duker
841 1239 875 1303 in
897 1237 1096 1323 Thucydidis
1125 1239 1266 1306 editione
1281 1240 1475 1326 'attigerunt

271 1333 276 1345 ’
328 1340 435 1408 Hodie
462 1360 514 1407 res
542 1359 645 1426 paene
673 1346 724 1407 est
750 1341 870 1423 ignota.
914 1341 1042 1406 Etenim
1067 1342 1095 1407 si
1117 1341 1318 1426 Bernhardyi
1338 1341 1475 1407 indicem

328 1440 508 1509 accuratius
530 1440 829 1525 examinauerimus,
851 1462 956 1524 neque
977 1444 1102 1526 glossas
1116 1443 1337 1527 atticistarum,
1358 1445 1391 1509 in
1406 1443 1473 1526 qui-

328 1546 389 1613 hus
418 1544 481 1611 loci
502 1543 702 1629 Thucydidis
731 1543 855 1610 laudati
876 1550 965 1627 sunt,
992 1565 1014 1611 a
1034 1544 1164 1611 scholiis
1191 1545 1350 1612 seiunctas
1371 1565 1475 1627 neque

328 1646 454 1715 scholia
473 1647 545 1733 ipsa
567 1646 609 1713 ad
623 1645 762 1712 indicem
784 1645 1015 1715 conficiendum
1036 1646 1184 1712 adhibita
1198 1666 1270 1714 esse
1283 1647 1473 1730 uidebimus,

328 1769 400 1816 cum
422 1749 472 1815 uir
492 1749 548 1816 ille
570 1748 772 1816 doctissimus
786 1750 1032 1816 Kuesteriauum
1046 1756 1170 1817 tantum
1190 1748 1326 1815 indicem
1342 1750 1474 1834 rescrip-

328 1852 406 1920 serit
426 1872 531 1935 neque
544 1850 680 1934 scholia,
702 1870 786 1932 quae
801 1871 860 1935 per
874 1857 999 1918 centum
1016 1852 1245 1936 quinquaginta
1259 1872 1360 1919 annos
1374 1854 1473 1918 multo

327 1954 524 2038 suntheim,
546 1953 650 2020 denuo
673 1971 808 2019 excussa
828 1954 983 2035 praebeat
1004 1954 1057 2036 (ci.
1080 1952 1247 2038 appendic.
1262 1953 1328 2035 Π.).
1373 1955 1473 2021 Lucu·

327 2055 537 2123 lentissimum
564 2055 746 2138 exemplum
776 2054 844 2121 eius
872 2054 1020 2140 rationis,
1050 2075 1146 2141 quam
1171 2055 1305 2122 Suidam
1332 2064 1474 2122 secutum

327 2176 399 2225 esse
414 2155 582 2241 affirmaui,
603 2156 761 2223 inuenitur
775 2175 800 2222 Β.
816 2178 846 2223 u.
870 2154 1008 2241 στύραξ·
1031 2151 1049 2223 ὁ
1069 2155 1242 2245 σαορωτὴρ
1257 2157 1473 2241 καλούμενος·

326 2254 428 2348 ἡτοῦ
451 2257 592 2346 δόρατος
615 2250 696 2345 ἀρχὴ
721 2250 777 2345 ἐφ’
802 2249 823 2343 ἦ
846 2257 1043 2344 στηρίζεται.
1081 2259 1171 2338 Quae
1191 2261 1301 2342 glossa
1315 2260 1475 2344 descripta

327 2370 376 2430 est
405 2382 423 2429 e
445 2362 568 2430 scholio
596 2361 639 2429 ad
661 2361 815 2428 Theoll.
828 2368 857 2427 4.
900 2361 1028 2429 Deinde
1055 2364 1198 2445 sequitur
1225 2364 1312 2448 apud
1340 2363 1472 2429 Suidam

327 2462 466 2550 οτύραξ·
494 2459 533 2529 τὸ
563 2462 650 2528 κάτω
673 2465 733 2528 τοῦ
755 2460 896 2549 δόρατος
923 2462 1098 2551 τραχήλων
1121 2462 1139 2531 ὂ
1161 2463 1404 2553 καταπηγνύειν
1426 2465 1474 2542 εἰς

325 2563 385 2654 τὴν
406 2569 465 2654 γῆν
487 2562 662 2630 εἰώθασιν.
684 2565 741 2630 καὶ
764 2563 968 2652 Θουκυδίδης
989 2568 1074 2655 φησὶ
1101 2571 1287 2652 »στυρακίῳ
1306 2566 1473 2655 χρησάμε-

327 2691 383 2744 νος
405 2661 479 2733 ἀντὶ
499 2664 646 2750 βαλάνου
669 2663 718 2743 εἷς
740 2663 798 2732 τὸν
820 2665 963 2751 μοχλὸν“
985 2671 1042 2735 καὶ
1064 2667 1246 2755 σταρακίζω
1269 2667 1368 2749 ἕλκον,
1391 2691 1473 2754 quae

327 2772 488 2857 exscripta
505 2774 579 2836 sunt
593 2790 633 2836 ex
648 2769 902 2854 Harpocratione
916 2790 947 2854 p.
960 2775 1033 2857 281,
1046 2777 1073 2837 7.
1089 2771 1139 2839 ed.
1156 2771 1300 2857 Dindorf.
1317 2777 1348 2837 et
1362 2773 1473 2856 paucis

327 2874 456 2940 mutatis
483 2871 618 2937 redeunt
647 2870 679 2935 in
701 2871 807 2954 Etym.
830 2872 913 2954 Meg.
936 2893 967 2956 p.
980 2877 1050 2956 732,
1067 2879 1095 2940 4.
1119 2874 1168 2941 ed.
1192 2873 1292 2939 (laist.
1337 2874 1402 2941 Ros
1424 2880 1472 2941 cst
1502 2957 1504 2960 v

327 2978 413 3041 certa
435 2973 606 3053 multisque
627 2970 700 3037 aliis
728 2972 899 3058 exemplis,
929 2993 1012 3055 quac
1040 2975 1093 3041 hic
1121 2978 1239 3042 referre
1261 2975 1390 3058 longum
1414 2984 1471 3060 est,

326 3074 503 3143 confirmari
525 3078 639 3158 potest.

410 3179 519 3245 Pauca
546 3181 668 3243 tuntum
697 3174 818 3242 addere
841 3177 936 3245 liceat
956 3177 998 3244 de
1021 3179 1130 3246 codice
1152 3178 1378 3265 Thucydideo,
1408 3201 1472 3264 quo

326 3279 452 3347 uidetur
472 3278 590 3346 Suidas
617 3298 694 3346 usus
723 3298 810 3363 esse,
841 3279 947 3361 quoad
974 3279 1100 3348 indoles
1129 3282 1197 3348 eius
1220 3289 1247 3347 e‘
1264 3281 1395 3348 scholiis
1418 3283 1470 3349 de-

326 3381 451 3467 scriptis
470 3381 617 3465 cognosci
639 3385 753 3465 potest.
792 3381 901 3449 Codex
918 3383 1002 3450 enim
1023 3383 1080 3448 ille
1095 3382 1268 3450 Gesselnno
1291 3383 1471 3450 simillimus

288 3508 293 3518 ·
325 3480 401 3565 fuit,
424 3481 577 3547 nonnulle
597 3488 705 3549 temen
726 3481 899 3567 integriora
921 3485 1077 3566 seruauit,
1105 3503 1201 3565 quam
1222 3486 1322 3551 nostri
1345 3485 1472 3553 codices

325 3581 452 3669 optimi,
474 3582 514 3648 cf.
536 3582 677 3665 glossam
698 3576 851 3661 ἀναλοῦν,
875 3603 959 3666 quac
980 3584 1149 3652 referende
1170 3593 1219 3653 est
1239 3586 1283 3655 ad
1301 3588 1401 3655 Thuc.
1416 3589 1471 3656 IV.

324 3689 386 3770 48„
416 3683 471 3750 uhi
499 3702 667 3767 perperam
695 3685 729 3751 in
750 3685 897 3752 omnihus
927 3686 1090 3752 codicibus
1111 3688 1228 3769 legitur
1250 3681 1409 3769 ἀναλοῦν,
1439 3695 1471 3757 et

325 3777 525 3870 ἀκμάζοντες
548 3769 648 3872 ᾖσαν,
671 3785 726 3852 uhi
748 3793 859 3872 aperto
882 3808 988 3856 errore
1010 3773 1094 3875 ἦσαν
1114 3791 1231 3872 legitur
1253 3791 1352 3858 Thuc.
1364 3794 1389 3859 1.
1405 3798 1431 3856 l.
1445 3792 1471 3875 ¹)

412 4008 436 4068 t)
453 4003 528 4059 llaec
546 4005 701 4076 corruptela
718 4006 861 4062 emendata
878 4013 920 4094 est
937 4008 965 4063 in
983 4008 1077 4062 codice
1093 4008 1252 4063 Monacensi
1265 4007 1304 4073 G,
1322 4009 1395 4077 quod
1411 4009 1471 4077 qni·
