3142 4700
348 292 527 360 Quaestiones
545 293 577 347 de
595 282 760 348 scholiorum
780 291 1016 363 Thucydideorum
1033 292 1163 347 lontibus.
1273 292 1330 350 127

182 465 270 549 plum
294 462 438 531 additum
465 464 509 530 ad
536 466 677 546 glossam
705 463 928 530 illustrandam
957 484 1019 532 non
1049 463 1200 548 quadrat,
1229 483 1333 547 neque

183 566 303 633 Suidae
326 587 395 633 mos
419 572 468 634 est
489 587 585 634 uoces
608 566 722 633 mediis
749 566 782 630 in
812 565 983 632 enuntiatis
1011 566 1180 650 explicare.
1225 566 1262 631 si
1290 567 1333 633 ad

172 688 303 741 ‚morem
334 667 632 753 lexicograpborum
662 669 746 735 hauc
774 668 913 748 glossam
941 666 1108 735 restituere
1137 669 1332 752 conabimur,

182 771 371 838 scribemus:
394 769 656 858 παραιρήσεται·
674 763 899 858 ἀφαιρήσεται
912 770 969 834 καὶ
984 769 1241 857 παραιρήματα·
1265 762 1331 857 ἅφ-

184 871 362 959 αιρήματα.
393 872 597 960 Θουκυδίδης
618 872 685 937 κτλ.
713 871 843 937 remotis
865 871 971 938 uerbis
992 876 1163 937 τουτέστιν
1186 865 1332 960 ἀφαιρή-

182 999 282 1060 ματα,
306 994 388 1057 quae
409 975 556 1040 librarius
579 973 709 1056 quidam
731 972 859 1039 uidetur
880 972 1055 1059 addidisse,
1078 975 1132 1058 qui
1154 994 1267 1040 uocum
1290 975 1332 1040 si-

184 1076 363 1142 militudine
392 1076 545 1160 deeeptus
572 1074 677 1159 priore
703 1076 773 1141 loco
802 1094 898 1141 uoces
925 1076 998 1141 illas
1027 1077 1133 1142 omisit
1160 1081 1191 1142 et
1219 1084 1333 1161 postea

183 1179 271 1244 uocis
292 1178 421 1262 ignotae
443 1177 689 1261 explicationem
710 1178 793 1243 falso
814 1178 885 1244 loco
910 1178 1107 1262 interposuit.
1154 1179 1332 1262 Hesychius

182 1278 439 1366 παραιρήματα·
463 1276 672 1364 παράμματα
688 1278 830 1360 ἱματίων
844 1278 985 1363 praebet,
1008 1280 1064 1345 ubi
1078 1280 1119 1344 Μ.
1136 1278 1332 1347 Schmidtius

182 1379 389 1468 nequiquam
411 1381 508 1448 scribi
529 1380 627 1446 iubet.
664 1380 881 1447 Antiattieista
902 1379 988 1463 apud
1010 1380 1195 1447 Bekkerum
1210 1383 1331 1449 Anood.

182 1485 206 1548 Ι.
225 1504 255 1567 p.
276 1487 344 1548 112.
373 1482 471 1548 habel
498 1479 740 1568 παραιρήματα
767 1483 834 1546 τῶν
864 1481 1015 1565 ἱματίων.
1051 1481 1255 1571 Θουκυδίδης
1277 1509 1332 1548 τε·

180 1583 293 1671 τάρτῃ,
316 1604 378 1666 quo
391 1585 464 1650 loeo
480 1582 562 1649 Orus
578 1589 687 1650 oonba
701 1582 918 1667 Phrynicbum
937 1582 1065 1649 uidetur
1086 1583 1331 1672 demonstrasse,

181 1707 295 1754 reuera
309 1687 369 1754 hoc
383 1686 573 1753 uocabulum
588 1686 674 1769 apud
697 1690 823 1752 ueteres
845 1684 990 1768 inueniri,
1014 1687 1052 1749 of.
1070 1686 1191 1751 Naberi
1204 1688 1331 1772 Proleg.

181 1811 213 1874 p.
228 1795 297 1855 105.
335 1786 515 1854 Dolendum
545 1794 609 1870 est,
639 1785 725 1870 quod
747 1806 858 1854 omnes
881 1787 1110 1872 explicationes
1132 1808 1153 1852 a
1174 1809 1332 1872 gramma-

181 1890 252 1956 ticis
275 1910 380 1956 errore
402 1890 540 1956 omissae
562 1897 649 1973 suut,
679 1907 742 1970 quo
766 1889 886 1956 factum
915 1893 980 1972 est,
1008 1895 1043 1953 ut
1070 1894 1188 1955 certam
1218 1890 1332 1957 scholii

183 1992 337 2076 originem
361 1991 514 2075 indagare
535 2010 741 2073 nequeamus.

708 2163 728 2241 q
753 2165 801 2225 ιο.

270 2298 365 2364 Pboti
385 2296 536 2382 codicem,
559 2297 613 2380 qui
626 2315 708 2362 unus
722 2302 877 2381 superest,
900 2297 1076 2363 Galeanum
1099 2297 1240 2365 lacerum
1261 2317 1332 2365 esse

182 2406 215 2468 et
230 2398 396 2465 dimidium
411 2400 508 2465 totius
522 2398 617 2465 lexici
633 2400 765 2482 periisse
780 2401 863 2465 inter
878 2418 987 2465 omnes
999 2403 1132 2464 constat.
1162 2400 1211 2465 Ea
1225 2407 1333 2466 tamen

181 2503 305 2568 iactura
320 2499 555 2582 quodammodo
576 2507 682 2584 potest
703 2501 853 2585 reparari,
876 2521 947 2566 oum
968 2506 1016 2566 tot
1037 2501 1142 2567 lexica
1163 2503 1332 2586 supersint,

183 2622 266 2685 quae
280 2601 396 2667 iisdem
418 2602 547 2688 auxiliis
568 2603 627 2668 niti
648 2602 713 2668 iam
736 2602 855 2668 dudum
879 2602 1130 2669 demonstratum
1153 2611 1210 2670 est.
1248 2604 1331 2683 Quo·

182 2726 252 2770 rum
275 2703 308 2769 iu
331 2723 460 2769 numero
482 2704 645 2788 praelucet
667 2704 818 2771 Suidae
845 2704 988 2788 lexicon,
1018 2703 1103 2787 quod
1133 2707 1193 2771 etsi
1216 2704 1332 2772 Suidas

184 2806 280 2872 Photi
301 2804 401 2890 ipsius
424 2799 524 2889 copiis
546 2824 622 2872 usus
644 2826 706 2871 non
729 2813 795 2888 est,
825 2812 931 2872 tamen
959 2823 1085 2887 semper
1112 2807 1245 2873 maximi
1274 2808 1333 2873 erit

183 2907 345 2975 momenti.
381 2908 495 2990 Neque
511 2908 595 2997 enim
611 2906 732 2993 dubito,
755 2909 831 2991 quin
846 2906 964 2974 Suidas
986 2927 1026 2972 ex
1050 2907 1171 2974 eisdem
1192 2909 1333 2976 lontibus

184 3016 282 3091 atque
304 3009 436 3076 Photius
458 3010 601 3077 hauserit
623 3018 655 3077 et
676 3010 740 3075 iam
762 3031 859 3097 supra
883 3006 968 3077 eum‘
985 3009 1138 3076 nonnulla
1165 3011 1278 3078 melius
1302 3019 1334 3078 et

185 3111 372 3193 accuratius,
391 3132 486 3194 quam
499 3111 648 3178 Photium
664 3112 816 3178 exhibere
831 3111 1056 3179 demonstraui.
1087 3112 1191 3192 Atque
1207 3119 1334 3178 exstant

184 3212 271 3298 apud
287 3212 419 3279 Suidam
435 3212 596 3278 nonnullis
611 3214 700 3296 locis,
722 3213 776 3278 ubi
799 3215 945 3281 fortunae
968 3212 1186 3279 maliuolentia
1200 3213 1333 3281 Photius

183 3315 276 3381 nobis
298 3313 399 3398 deest,
420 3315 548 3399 glossae
571 3312 739 3396 quaedam,
763 3332 845 3394 quae
867 3334 938 3379 cum
960 3313 1091 3381 scholiis
1113 3313 1332 3398 Thucydideis

185 3418 419 3484 consentientes
441 3417 484 3482 ad
512 3416 669 3482 atticistas
697 3413 809 3481 reterri
836 3415 969 3500 possint.
1012 3415 1084 3495 Qua
1111 3414 1145 3480 in
1172 3436 1207 3482 re
1236 3436 1332 3501 expo-

184 3518 292 3585 nenda
313 3519 427 3586 iterum
450 3520 627 3585 litterarum
649 3517 792 3583 ordinem
815 3535 994 3598 sequamur.

268 3621 375 3700 Atque
388 3621 525 3704 primam
543 3620 698 3687 habemus
712 3618 832 3685 Suidae
853 3620 994 3702 glossam
1016 3640 1041 3686 s.
1057 3639 1103 3686 u:
1126 3610 1332 3702 ἀβασανί-

184 3739 303 3798 στως·
327 3714 543 3797 ἀνεξίταστος
557 3710 578 3809 ἢ
593 3715 801 3805 ἀγύμναστος
815 3721 871 3784 καὶ
887 3712 1125 3803 ἀδοκίμαστος·
1149 3720 1278 3806 ε’ίρηται
1297 3719 1333 3785 δὲ

184 3817 252 3889 ἆιτδ
269 3825 328 3909 τῆς
341 3821 490 3905 βασάνου
512 3826 570 3911 τῆς
589 3825 803 3910 χρυσοχοϊκῆς
825 3823 936 3902 δίδου,
959 3820 993 3888 ἐν
1016 3816 1037 3908 ᾗ
1060 3819 1273 3902 δοκιμάζουσι
1293 3819 1331 3887 τδ

181 3929 328 4010 χρυσίον.
358 3921 517 4012 ἐχρήσατο
540 3921 576 3987 δὲ
597 3922 764 4000 Αἰίιανός
785 3922 868 4007 arb,
894 3943 957 4006 qua
980 3945 1049 3989 cum
1071 3924 1179 4006 glossa
1201 3926 1332 3992 conferi·

184 4048 255 4095 mus
277 4026 421 4095 scholion
438 4025 656 4093 Theclae:
679 4018 928 4108 ἀβασανίστως·
953 4019 972 4110 ἡ
995 4021 1082 4100 λέξις
1102 4024 1333 4112 μετενήνεκται
1379 4108 1381 4113 Ι
