3142 4700
250 334 310 392 142
330 369 334 376 -
673 333 808 390 Ernestrrs
826 334 956 391 Schwabe

246 506 409 588 nonnulle,
431 525 513 588 quae
529 510 659 600 exstant
670 506 703 572 in
719 505 866 573 omnibus
880 504 1053 589 codicibus,
1078 489 1160 587 quoe
1183 506 1224 571 ob
1247 525 1299 572 res
1314 528 1399 574 conr-

248 611 441 674 memoratas
463 607 506 675 ed
529 608 705 692 posteriora
727 613 874 693 tempore
898 606 1067 673 referende
1094 625 1165 674 esse
1193 614 1313 675 certum
1342 615 1401 677 est.

248 709 412 776 Habemus
435 709 518 776 enim
539 710 573 775 in
594 710 717 776 scholio
739 710 783 776 od
805 710 1049 776 Thuo.1.132.:
1080 705 1139 774 ἐπὶ
1160 706 1219 775 τδν
1240 709 1400 798 τρίποδα]

249 804 306 876 obs
329 809 363 876 ἒν
385 804 412 896 ᾧ
436 808 630 895 ἐμαντεύετο
653 804 871 891 όἈπόλλων,
895 803 970 877 ἀλλ’
989 809 1099 900 ἕτερόν
1121 835 1197 877 τινα
1219 809 1257 878 δν
1280 811 1400 898 ἔλαβον

250 913 282 978 οἱ
301 908 459 996 Ῥωμαῖοι
479 914 631 996 βασιλεῖς
652 915 709 978 καὶ
729 917 918 1002 μετέθηκαν
941 911 1000 978 ἐπὶ
1021 911 1079 979 τόν
1102 912 1316 998 ἱππόδρομον
1340 919 1402 981 τοῦ

249 1013 442 1094 Βυζαντίου.
486 1016 536 1081 De
558 1014 672 1082 eudem
698 1034 734 1081 re
762 1016 876 1083 eudem
904 1008 1012 1082 narret
1033 1015 1182 1081 Hermius
1205 1016 1400 1086 Sozomenos

248 1117 322 1184 hist.
338 1119 450 1185 coeles
465 1119 506 1184 Π.
523 1121 567 1184 5.:
590 1113 631 1181 τὰ
647 1115 683 1181 δὲ
698 1114 733 1183 ἐν
745 1118 857 1203 χαλκαῖ
873 1122 1075 1202 θαυμασίως
1091 1115 1291 1204 εἰργασμένα
1313 1144 1401 1187 παν-

248 1218 351 1284 τόθεν
381 1217 429 1295 εἷς
455 1216 514 1306 τὴν
543 1216 719 1301 ἐπώνυμον
745 1218 847 1286 πόλιν
874 1245 933 1285 του
964 1212 1204 1306 αότσκρότορος
1234 1219 1400 1343 ἐκομίσθη

249 1319 336 1408 πρὸς
367 1319 491 1403 κόσμον
523 1322 579 1385 καὶ
613 1319 712 1397 είςέτι
739 1348 795 1388 νυν
825 1327 1026 1406 θαυμασίως
1057 1321 1190 1408 ίδρυται
1222 1321 1307 1389 κατὰ
1339 1323 1401 1402 τὰς

250 1416 383 1509 ἀγυιὰς,
408 1421 622 1511 ἱππόδρομον
643 1426 700 1489 καὶ
721 1421 762 1488 τό
783 1429 866 1509 βασί
853 1425 956 1491 ίλεια·
978 1422 1021 1490 τὰ
1043 1423 1103 1507 μὲν
1125 1449 1184 1491 του
1169 1425 1378 1503 Πυθίας
1362 1453 1400 1514 ην

249 1530 406 1608 μαντείου
422 1518 633 1602 Ἀπόλλωνος
646 1527 704 1591 καὶ
719 1526 752 1592 σί
768 1524 802 1592 ἐν
813 1527 963 1614 Δελφοῖς
977 1526 1135 1615 τρίποδες
1149 1527 1229 1613 κτλ,
1251 1530 1289 1596 of.
1305 1529 1400 1596 Nice-

249 1628 343 1713 phori
365 1627 503 1695 Callistr.
525 1627 596 1703 hist.
620 1629 733 1696 eccles.
745 1628 830 1694 VIII.
847 1633 914 1714 33,
936 1624 1399 1713 ΟυεελιεοίείἙαλτίίίηυεΗευ

249 1751 281 1815 p.
298 1721 387 1814 4703,
412 1731 467 1797 ubi
489 1731 612 1817 omnia,
635 1750 718 1813 quae
739 1731 782 1797 ed
804 1731 888 1796 benc
909 1750 976 1796 rern
998 1732 1171 1817 pertinent,
1195 1731 1332 1798 collecta
1352 1733 1399 1798 in-

250 1834 369 1900 uenies.
406 1833 476 1899 Hoc
491 1833 588 1917 igitur
601 1833 744 1902 scholion
760 1839 898 1900 exeunte
913 1832 1041 1899 demum
1057 1839 1170 1915 quarto
1191 1839 1265 1918 post
1280 1833 1352 1900 Chr.
1367 1856 1399 1900 n.

251 1935 380 2001 saeculo
402 1935 615 2021 conscriptum
638 1943 695 2004 est.
739 1936 903 2003 Habemus
928 1941 1096 2019 praeterea
1124 1934 1284 2020 scholion,
1314 1936 1401 2020 quod

251 2042 388 2104 exeunte
410 2043 501 2104 sexto
524 2039 650 2104 demum
673 2043 746 2122 post
763 2037 837 2104 Ohr.
857 2057 887 2103 n.
911 2038 1039 2104 saeculo
1061 2037 1238 2104 confectum
1267 2045 1329 2123 est,
1358 2038 1401 2104 ad

187 2142 192 2152 ⁴
249 2138 303 2204 IV.
316 2142 382 2204 83.:
405 2141 497 2223 μέσην
513 2137 662 2225 δικαστῇ]
685 2131 758 2204 όιντὶ
771 2141 831 2204 τοῦ
850 2142 968 2224 μεσίτῃ
983 2139 1040 2203 καὶ
1056 2136 1218 2225 διαιτητῇ.
1255 2143 1275 2221 ξ
1297 2134 1399 2227 ἡτῶν

249 2232 461 2329 προύχόντων
484 2233 583 2327 όρετὴ
607 2239 641 2306 δν
663 2266 699 2306 τε
721 2240 842 2306 πόλεσι
863 2242 920 2304 καὶ
948 2237 981 2305 ἐν
1012 2246 1202 2327 στρατείαις
1229 2245 1401 2322 πανταχοῦ

249 2347 456 2410 καθίσταται
474 2341 511 2410 τὸ
528 2338 682 2433 δπηκόων
704 2343 760 2409 καὶ
782 2345 848 2409 τῶν
870 2340 1028 2409 ἐναντίων
1049 2356 1145 2409 ποιεῖ
1163 2340 1208 2431 μὴ
1230 2368 1400 2431 καταφρο-

250 2459 317 2512 νεῖν
340 2444 374 2512 ἒν
399 2446 460 2529 μὲν
487 2458 559 2524 τοῖς
572 2438 709 2534 Ἕλλησι
730 2444 903 2533 Βρασίδαν
930 2447 986 2510 καὶ
1013 2443 1072 2532 τὴν
1102 2437 1203 2510 αότσό
1232 2445 1400 2539 στρατιάν,

250 2547 284 2613 ἐν
298 2562 370 2625 τοῖς
384 2544 556 2636 ἡμετέροις
576 2548 612 2613 δὲ
628 2546 827 2636 Βελισόριον
849 2546 897 2626 εἰς
919 2546 1133 2636 παράστασιν
1154 2550 1213 2613 τοῦ
1234 2547 1401 2635 παρόντος

251 2649 348 2735 λόγου
371 2648 640 2738 παραβάλλομεν.
684 2649 774 2728 Quae
797 2648 920 2716 scholia
941 2649 1151 2718 recentiorum
1180 2649 1401 2718 additamenta
1482 2692 1484 2695 -

251 2774 322 2821 esse
336 2753 550 2821 Doberentzio
565 2775 596 2839 p.
611 2756 659 2820 18.
681 2751 892 2837 crederemus,
914 2752 942 2819 si
956 2758 1082 2838 praeter
1096 2752 1178 2818 heco
1193 2751 1257 2820 duo
1277 2753 1400 2819 scholia

115 2894 129 2908 ·
152 2893 155 2897 Δ
251 2863 283 2922 ct
304 2856 391 2921 looos
413 2855 486 2921 illos
508 2875 548 2921 ex
570 2854 660 2921 Actis
676 2856 899 2940 Apostolorum
925 2859 973 2938 17,
986 2858 1036 2921 21.
1058 2854 1092 2920 in
1114 2853 1213 2920 schol.
1230 2855 1342 2921 11138.
1365 2860 1398 2921 et

251 2980 269 3023 e
293 2957 447 3040 Gregorio
465 2954 704 3040 nazianzenos
726 2957 758 3022 in
781 2956 880 3024 schol.
895 2956 942 3021 III
957 2960 1008 3022 37.
1030 2957 1148 3023 allatos
1169 2977 1233 3022 non
1255 2955 1321 3022 alie
1342 2956 1399 3022 ad-

252 3064 358 3126 essent
386 3064 581 3144 argumentu.
625 3057 692 3124 Sed
722 3058 818 3125 etiem
846 3058 879 3123 in
908 3058 1086 3127 elocutione
1114 3058 1304 3125 scholiorum
1333 3063 1400 3124 tem

252 3162 352 3228 multe
372 3160 590 3243 inueniuntur,
613 3181 696 3244 quae
718 3160 913 3246 Byzantinos
933 3159 1117 3246 redoleant,
1139 3168 1175 3227 ut
1195 3160 1270 3227 inde
1292 3179 1400 3227 neces-

251 3263 336 3330 sario
358 3262 610 3331 concludendum
631 3263 682 3349 sit,
705 3282 775 3330 sero
798 3262 922 3329 scholia
942 3261 975 3326 in
998 3283 1080 3349 earn,
1103 3284 1198 3348 quem
1220 3283 1280 3330 nos
1301 3262 1400 3329 hebe-

251 3386 331 3451 mus,
352 3368 487 3434 formem
501 3364 632 3433 redacta
647 3385 728 3433 esse.
765 3366 844 3433 Cum
859 3385 911 3432 res
928 3365 1001 3451 ipso
1022 3364 1165 3449 suadeat,
1186 3371 1222 3431 ut
1242 3365 1401 3452 prioribus

338 3590 361 3647 ll
383 3582 628 3652 Βλατττόμενσι
646 3581 681 3636 δὲ
698 3579 807 3648 αὗταί]
830 3579 932 3653 όσαφὲς
948 3583 981 3637 τό
997 3590 1099 3655 χωρίον
1116 3577 1159 3637 ότι
1177 3579 1234 3638 ciero
1252 3585 1401 3651 αἰτιατικῆς

251 3671 287 3723 εἰς
310 3666 425 3722 εὐθεῖαν
446 3672 547 3736 μετέβη
570 3666 586 3735 ἡ
609 3662 739 3722 ἀπόδοσις
762 3670 810 3735 τῆς
833 3671 945 3721 ίννσίας.
972 3662 1040 3737 ὅπερ
1064 3672 1122 3722 ἐστὶ
1146 3668 1221 3740 παρὰ
1238 3666 1290 3735 τὴν
1307 3665 1401 3735 κοινὴν

225 3752 233 3763 ’
252 3759 370 3809 ἔννοιαν.
391 3749 490 3823 ὤφειλε
506 3751 558 3824 γὰρ
575 3751 779 3823 βλαπτομένους
796 3758 841 3806 καὶ
858 3749 1049 3826 ἀκροωμένους
1062 3756 1149 3807 εἰπεῖν
1166 3748 1181 3805 ό
1196 3750 1319 3826 γράφων,
1337 3748 1398 3806 ἀλλ’

252 3835 288 3892 τός
304 3841 409 3893 καινῶν
427 3835 583 3900 συντάξεων
601 3834 707 3908 εὑρετὴς
729 3844 775 3891 καὶ
799 3840 845 3906 τῆς
862 3837 978 3891 παλαιᾶς
993 3831 1120 3891 Ἀτθίδος
1136 3836 1296 3907 ἐπιστήμων
1312 3840 1400 3891 ταῦτα

250 3919 281 3976 τό
300 3930 439 3991 πεποίηκε.
462 3921 590 3977 τοιαύτας
607 3918 681 3975 δὲ(
654 3923 772 3995 ευρὴσεις
790 3929 835 3978 και
853 3924 928 3998 παρὰ
950 3943 991 3989 τῳ
979 3923 1163 3996 θεολόγῳ
1181 3925 1207 3991 (i.
1227 3939 1251 3979 e.
1270 3923 1399 3990 Gregorio

251 4008 433 4069 Nazianzenol
452 4007 590 4069 συντάξεις
608 4004 720 4073 πολλός,
744 4002 775 4060 ας
792 4008 820 4060 οἱ
835 4030 872 4076 μη
862 4004 990 4059 εἰδότες
1008 4004 1186 4104 διαβόλλσυσί
1201 4030 1233 4062 τε
1249 4012 1294 4060 καὶ
1312 4007 1399 4060 σολοι-

251 4093 336 4155 κίζειν
354 4090 403 4144 τόν
419 4096 506 4164 μέγαν
524 4093 630 4145 οἴονται
646 4112 672 4145 σι
666 4087 815 4161 ’ἀμαθεῖς
