3142 4700
311 318 488 388 suessones
506 319 538 375 dc
556 319 718 375 scholiorum
736 318 972 389 Thucydideoram
987 319 1117 376 fontibus.
1248 322 1288 385 97

141 485 211 560 cius
233 511 328 576 agere
350 490 429 557 mihi
450 490 578 571 uideor,
609 492 636 557 si
658 490 739 557 illud
768 509 895 572 quoque
916 488 959 554 ad
980 491 1161 558 Pausaniae
1182 500 1290 561 aueto-

139 595 268 659 ritatem
281 592 498 659 reuocandum
513 611 584 658 esse
606 592 757 676 suspicor.
794 593 930 658 Exstant
943 596 1110 676 praeterea
1123 593 1185 659 tria
1199 595 1290 662 scho-

140 696 202 777 lia,
233 712 316 775 quae
343 692 387 757 ad
408 695 602 760 Pausaniam
630 693 737 760 redire
765 692 948 760 uideantur:
984 693 1038 758 IV.
1054 697 1105 761 25.
1135 687 1290 761 ἀποσι-

139 791 371 879 μωσάντων·
394 789 726 882 ὑπαναχωρησάντων
740 795 797 860 καὶ
817 792 1090 880 μετεωρισάντων
1112 793 1173 872 τὰς
1195 800 1289 877 ναῦς,

139 895 197 962 ἵνα
220 893 255 960 ἐκ
281 895 410 960 πολλοῦ
440 893 666 983 διαστήματος
695 895 870 983 δυνηθῶσι
896 892 980 978 pasl
1008 894 1159 978 μείζονος
1185 892 1290 985 ὁρμῆς

143 995 321 1080 ἐμβάλλειν
341 1008 414 1073 τοῖς
436 989 642 1084 Ἀθηναίοις.
679 994 749 1061 Hoc
763 1017 826 1063 uno
849 998 919 1064 loeo
941 998 1132 1064 uocabulum
1155 998 1290 1067 inueniri

139 1105 276 1167 testatur
296 1098 500 1167 Marcellinus
522 1100 615 1179 §49.,
637 1096 692 1180 qui
717 1117 886 1183 perperam
909 1091 1125 1182 ἂποσίμωσιν
1146 1101 1288 1185 praebet.

140 1200 366 1283 Schwartuius,
381 1200 454 1266 Aeli
470 1198 607 1283 Dionysi
621 1200 733 1280 fragm.
755 1222 785 1284 p.
803 1204 854 1266 30.
861 1249 870 1283 ,
892 1199 1013 1267 Suidae
1034 1206 1067 1266 ct
1088 1202 1173 1267 sexti
1195 1202 1289 1269 lexici

142 1301 338 1367 Bekkeriani
365 1302 481 1383 glossis
503 1301 603 1367 fretus
632 1292 869 1383 ἇποσιμῶσαι·
902 1299 961 1388 τῆν
983 1299 1090 1388 πυγῆν
1113 1316 1289 1389 προτεῖναι

138 1401 262 1488 γυμνὴν
283 1403 340 1468 καὶ
362 1400 536 1487 ἒπικύψαι.
568 1403 754 1478 Φίλιππος.
785 1401 990 1488 Θουκυδίδης
1012 1401 1106 1468 δὲτὸ
1130 1411 1290 1491 μετεωρί-

141 1527 200 1569 σαι
227 1501 289 1579 τὰς
311 1506 405 1583 ναῦς,
433 1509 535 1570 totam
561 1505 704 1584 glossam
725 1504 818 1570 Aelio
840 1505 997 1588 Dionysio
1023 1504 1151 1588 tribuit,
1181 1506 1240 1572 sed
1262 1507 1290 1573 si

140 1607 344 1672 Eustatloium
357 1627 388 1690 p.
401 1608 474 1689 965,
487 1610 537 1671 44.
552 1605 760 1689 inspexisset:
781 1617 890 1670 κεῖται
906 1602 943 1669 τὸ
961 1598 1180 1688 ἆποσιμῶσαι
1196 1605 1290 1693 παρὰ

138 1718 211 1782 τοῖς
232 1707 409 1785 παλαιοῖς,
432 1698 516 1791 παρ’
543 1703 594 1780 οἷς
616 1697 654 1769 οὗ
676 1703 778 1786 μόνον
800 1703 837 1770 τὸ
861 1698 979 1791 {ipsos
999 1706 1056 1771 καλ
1076 1704 1113 1772 τδ
1137 1707 1291 1794 λαμπρό-

138 1830 240 1871 τατον
262 1792 335 1893 ῆγε,
357 1802 441 1871 κατὰ
457 1811 665 1885 Παυσανίαν,
689 1798 852 1872 ἀλλὰκαὶ
875 1800 1095 1890 ἇνιοσιμῶσαι
1110 1796 1290 1890 tipasam-

139 1912 235 1993 ρίσαι
254 1905 316 1983 τδς
338 1911 417 1983 ναῦς
438 1904 533 1994 παρὰ
558 1905 759 1993 Θουκυδίδῃ,
789 1906 823 1973 id
848 1909 996 1994 uidisset,
1026 1908 1110 1990 quod
1132 1910 1204 1976 luce
1226 1912 1289 1977 cla·

139 2011 205 2075 rius
234 2017 297 2093 est,
331 2015 363 2077 et
391 2011 534 2091 glossam
561 2015 594 2074 et
623 2008 766 2075 scholion
795 2009 975 2076 Pausaniae
1003 2009 1193 2077 auctoritate
1220 2013 1289 2096 niti,

140 2114 179 2177 ci.
203 2111 324 2178 Naberi
346 2111 471 2194 Proleg.
493 2111 536 2199 ad
550 2109 643 2177 Phot.
666 2131 696 2194 p.
713 2115 782 2176 144.
829 2109 1043 2177 Schwastnius
1065 2110 1194 2194 quidem
1217 2134 1289 2179 cum

139 2210 367 2278 Rindfieischio
389 2234 421 2296 p.
433 2216 484 2277 45.
506 2210 752 2295 propter'lexici
773 2210 1026 2278 Bachmanniani
1053 2212 1194 2295 glossam
1216 2235 1289 2281 con·

138 2314 250 2396 sentit,
272 2313 332 2380 sed
357 2333 429 2380 cum
447 2312 624 2379 Pausanias
645 2313 692 2378 ita
713 2312 907 2394 nominetur,
930 2320 966 2378 ut
986 2311 1042 2380 uix
1065 2312 1196 2380 dubium
1219 2334 1290 2382 esse

136 2416 258 2499 possit,
289 2416 366 2496 quin
392 2421 528 2495 utraque
557 2413 729 2497 explicatio
758 2410 803 2478 ad
829 2413 919 2478 illum
941 2413 1116 2498 pertineat,
1144 2424 1288 2499 nonest,

137 2534 195 2580 eur
222 2514 297 2580 illos
325 2532 505 2594 sequamur.
549 2513 642 2579 Alter
669 2513 758 2579 locus
786 2513 946 2580 inuenitur
972 2514 1060 2598 apud
1087 2516 1289 2584 Eustathium

135 2635 169 2698 p.
184 2619 275 2697 1425,
289 2618 355 2680 60.:
377 2617 576 2704 Παυσανίας
599 2612 634 2677 δὲ
650 2613 753 2697 λέγων
774 2616 831 2679 καὶ
851 2607 950 2691 αὐτὸς
972 2613 1009 2681 τὸ
1034 2609 1168 2682 ἆνακῶ
1175 2642 1192 2694 ς
1215 2610 1290 2684 ἀντὶ
1374 2623 1376 2626 ’

136 2718 198 2781 τοῦ
221 2716 397 2802 φυλακτῶς
419 2712 559 2798 (legatur
581 2715 789 2802 φυλακτικῶς
811 2716 984 2806 secundum
1005 2716 1139 2784 Suidam
1160 2737 1186 2783 s.
1203 2741 1235 2786 u.
1259 2726 1291 2786 et

137 2817 315 2884 Moeridem
329 2836 360 2899 p.
373 2819 423 2882 43.
443 2815 601 2899 Pierson.)
622 2817 679 2881 καὶ
700 2807 929 2903 προνοητικῶς
950 2815 1045 2902 παρά
1066 2841 1102 2882 τε
1120 2813 1289 2906 Ἡροδότῳ

137 2919 196 2982 καί
220 2915 404 3001 Θουκυδίδη
427 2917 494 2981 κτλ.
533 2918 675 3003 Respicit
696 2913 749 2983 hic
770 2918 911 2985 atticista
932 2918 975 2984 ad
996 2918 1096 2986 Thac.
1109 2920 1194 2988 VIII.
1210 2926 1289 3007 102,

137 3019 195 3085 uhi
216 3018 278 3085 hoc
299 3018 456 3084 habemus
478 3019 637 3086 scholion:
667 3011 949 3096 &vosmetispsos
970 3010 1009 3108 ῆν
1032 3018 1227 3109 ἓκπλέασιν]
1251 3022 1288 3089 τὸ

135 3119 198 3203 μὲν
223 3112 352 3194 ἀνακῶς
375 3110 450 3183 διντὶ
470 3121 530 3183 τοῦ
552 3123 779 3208 προνοητικῶς
801 3121 858 3185 καὶ
873 3123 1089 3208 φυλακτικῶς,
1113 3124 1198 3205 quod
1220 3124 1291 3192 sine

136 3222 207 3287 ulla
228 3220 427 3286 dubitatione
442 3219 485 3285 ad
500 3221 694 3286 Pausaniam
708 3222 897 3305 referemus,
918 3224 1107 3306 praesertim
1122 3244 1194 3289 cum
1209 3225 1290 3291 seia·

138 3341 210 3388 mus
241 3343 281 3388 ex
304 3321 481 3387 Marcellini
503 3322 523 3387 l.
538 3322 559 3386 l.
588 3321 672 3387 hanc
701 3342 813 3388 uocem
841 3323 938 3406 plane
969 3323 1153 3389 inusitatam
1181 3324 1288 3393 fuisse.

136 3423 295 3491 Ultimum
309 3424 415 3490 locum
430 3422 565 3506 praebet
576 3423 686 3505 glossa
698 3423 796 3488 Photi
809 3442 834 3488 s.
850 3442 881 3489 u.
904 3424 1150 3501 πολυτελές·
1172 3424 1211 3492 τὸ
1230 3426 1290 3492 δα-

137 3522 289 3610 πανηρὸν
307 3522 526 3609 Θουκυδίδης,
550 3543 632 3608 quae
653 3524 762 3608 glossa
783 3523 952 3590 referenda
973 3523 1087 3592 estad
1108 3526 1288 3597 ThucVII.

137 3629 190 3692 27.
203 3628 253 3692 28.
260 3673 269 3709 ,
298 3625 354 3691 ubi
371 3624 462 3702 ¹haee
483 3630 612 3692 exstant
633 3625 772 3692 scholia:
804 3625 1000 3703 πολυτελές·
1030 3627 1288 3694 πολυδάπανον·

138 3724 349 3813 δαπανηράν,
383 3723 495 3789 πολλὰ
522 3727 639 3792 τελυῦν
667 3724 704 3803 ἐξ
732 3720 770 3792 οὗ
798 3727 855 3792 καὶ
883 3727 1063 3806 πολυτελὲς
1092 3729 1228 3795 δεῖπνον
1258 3734 1291 3795 et

138 3827 335 3903 πολυτελές·
358 3823 607 3901 πολυδάπανος.
651 3830 770 3894 Iterum
792 3829 892 3894 uerba
913 3831 1038 3913 singula
1058 3830 1141 3895 inter
1162 3849 1197 3895 se
1216 3848 1289 3895 con·

138 3928 272 3996 ueniunt
295 3935 327 3996 et
341 3927 535 3994 Pausaniam
556 3935 719 3995 auctorem
739 3930 882 3996 nominat
897 3929 1082 3997 Eustathius
1096 3948 1127 4013 p.
1140 3931 1212 4012 881,
1224 3933 1290 3997 loa

138 4024 240 4116 ἀτελῆ
260 4027 345 4095 κατὰ
363 4033 562 4094 Παυσανίαν
583 4024 626 4093 τὰ
649 4020 808 4095 ἆδάπανα
829 4026 876 4107 ῶς
897 4032 953 4096 καί
975 4029 1140 4116 πολυτελῆ
1160 4029 1202 4095 τὰ
1224 4055 1290 4097 πσ-

192 4138 308 4191 Leipzigsr
320 4138 421 4182 Studien.
447 4136 483 4180 lv.
984 4164 986 4169 ·
1070 4133 1084 4181 'i
