3142 4700
233 285 297 367 1⁰4?
466 354 472 365 ι
672 278 808 335 Ernestus
826 278 956 335 Schwabe

232 456 275 521 Μ.
291 451 487 520 Schmidtius
501 448 598 534 uidit,
621 449 676 532 qui
698 454 879 535 corruptum
894 447 1055 515 matcaudo
1069 448 1127 534 (τε
1140 446 1299 516 πελιδνόν
1319 473 1395 518 mu-

233 555 354 621 tatione
368 555 545 620 litterarum
559 556 592 617 A
606 557 639 619 et
653 552 692 615 A
707 549 913 634 creberrima)
927 550 1126 633 Diogeniano
1142 550 1270 619 ademit.
1307 554 1391 620 For-

234 664 321 724 tasse
348 655 481 736 iniuria,
509 653 537 718 si
558 655 742 738 Boyeenum
768 651 938 737 respicies,
967 652 1023 734 qui
1045 653 1278 738 Diogenianum
1307 654 1393 721 Dio-

236 758 331 843 nysio
353 763 386 823 et
407 755 568 823 Pausania
588 774 680 821 usum
703 773 774 820 esse
798 751 977 837 contendit,
1000 772 1096 836 quam
1118 754 1299 840 opinionem
1321 756 1393 821 iam

235 877 332 944 supra
354 877 406 925 me
432 857 524 938 ecqui
551 856 715 940 professus
743 874 814 921 sum
835 874 910 939 pag.
927 859 977 923 80.
999 861 1064 923 not.
1109 855 1238 923 Similes
1264 855 1393 924 scholio

236 966 310 1026 sunt
331 958 458 1042 glossae
480 958 583 1024 altera
604 963 637 1024 et
652 957 762 1036 tertia,
784 956 844 1022 sed
867 956 998 1023 dubium
1020 963 1085 1040 est,
1107 956 1191 1025 unde
1213 959 1394 1026 scholiasta

169 1096 171 1101 v
235 1082 295 1128 sua
309 1061 460 1143 hauserit,
484 1057 718 1141 eDiogeniano
741 1078 782 1124 an
805 1057 999 1125 ePacsania
1021 1079 1062 1124 an
1078 1079 1118 1125 ex
1133 1060 1236 1126 altera
1251 1061 1391 1144 Dionysi

236 1162 387 1230 editione.

321 1264 372 1327 De
400 1260 472 1327 loco
499 1259 681 1342 notissimo,
710 1260 766 1326 ubi
786 1259 900 1327 helius
921 1260 1095 1345 Dionysius
1123 1260 1164 1327 de
1185 1260 1391 1346 Thucydidis

236 1361 436 1448 sigmatismo
458 1362 601 1447 disputat
621 1359 779 1442 (Eustath.
802 1382 834 1446 p.
851 1364 922 1445 813,
934 1367 996 1444 44,
1018 1361 1223 1430 Rindfleisch.
1244 1364 1281 1429 fr.
1299 1364 1389 1446 327.)

236 1471 343 1546 taceo,
367 1483 437 1529 cum
453 1461 652 1547 Thucydidis
673 1463 728 1528 ille
751 1460 881 1543 quidem
904 1463 1096 1530 mentionem
1118 1465 1231 1547 faciat,
1254 1463 1386 1531 minime

236 1571 345 1632 tamen
373 1571 496 1650 spectet
525 1562 568 1630 ad
590 1565 678 1631 locos
705 1564 865 1647 singulos,
893 1582 998 1646 neque
1027 1566 1127 1632 ullum
1156 1566 1301 1634 scholion
1323 1565 1388 1633 hac

236 1667 278 1734 de
299 1686 334 1734 re
349 1665 494 1749 disserat,
517 1669 555 1732 ci.
572 1666 746 1732 Schwartz.
762 1664 806 1730 ad
822 1662 939 1749 οιγμός
953 1686 983 1750 p.
998 1669 1078 1751 137,
1100 1666 1246 1733 Eustath.
1268 1688 1299 1752 p.
1314 1671 1388 1734 813.

237 1772 308 1835 896.
324 1771 424 1850 1379,
447 1767 591 1834 (tremori
608 1767 728 1834 Anecd.
750 1766 852 1833 Paris.
864 1768 921 1832 ΙΠ.
937 1787 968 1851 p.
981 1771 1030 1834 13.

322 1868 411 1936 Idem
434 1867 603 1953 dicendum
626 1874 675 1934 est
697 1867 738 1934 de
761 1871 829 1944 σοῖς
851 1868 1026 1953 uocabulo,
1047 1867 1098 1936 'de
1121 1889 1183 1952 quo
1206 1872 1390 1956 conferatur

236 1970 423 2035 Eustathius
444 1989 475 2052 p.
489 1972 562 2053 959,
574 1974 623 2035 44.
648 1967 868 2052 (Rindfleisch.
883 1972 920 2035 tr.
936 1973 1017 2053 331,
1041 1971 1214 2037 Schwartz.
1237 1992 1269 2056 p.
1284 1971 1386 2054 145.):

236 2072 292 2135 καὶ
315 2071 371 2154 σῷ
398 2068 655 2152 μονοσυλλάβως
685 2069 717 2133 οἱ
747 2071 831 2134 coos
849 2071 915 2146 ,καὶ
936 2067 1031 2157 παρὰ
1056 2071 1257 2158 Θουκυδίδῃ,
1289 2073 1322 2138 οἱ
1350 2072 1387 2138 δὲ

238 2173 481 2257 συνηθέστερον
502 2168 670 2257 γράφουσι
693 2171 792 2250 σῶοι,
823 2191 893 2236 cum
923 2171 966 2237 ad
988 2174 1012 2237 Ι.
1026 2177 1075 2238 74.
1098 2174 1242 2242 scholion
1264 2176 1386 2241 nullum

237 2273 426 2341 inueniatur.

322 2374 513 2442 Accedimus
527 2373 570 2439 ad
584 2373 729 2441 ultimum
752 2377 981 2458 fragmentum,
1005 2376 1090 2457 quod
1105 2375 1148 2443 ad
1163 2376 1386 2464 Thucydidem

236 2474 396 2558 pertinere
407 2494 504 2558 supra
516 2476 669 2541 diximus:
692 2477 837 2542 Eustath.
849 2498 879 2562 p.
890 2479 960 2559 862,
969 2479 1018 2543 38.
1031 2475 1247 2558 (Rindfleisch.
1259 2482 1296 2546 fr.
1304 2483 1386 2561 362,

237 2574 411 2642 Schwartz.
433 2595 464 2659 p.
482 2573 579 2658 163.):
606 2569 774 2640 ὤνευον·
797 2574 891 2663 παρὰ
916 2576 1099 2664 Θουκυδίδῃ
1121 2575 1160 2644 τὸ
1184 2576 1310 2646 ἐκίνουν
1324 2579 1386 2646 καὶ

237 2678 407 2765 περιῆγον.
440 2668 518 2753 όνος
538 2672 601 2761 γὰρ
622 2677 682 2740 τοῦ
707 2674 858 2759 μόλωνος
879 2676 917 2744 τό
941 2677 1141 2762 κινούμενον.
1173 2683 1228 2746 καί
1259 2681 1295 2746 αἱ
1316 2706 1387 2747 τοι·

239 2780 338 2843 αὗται
367 2777 511 2864 μηχαναὶ
541 2770 624 2842 όνοι.
667 2777 811 2863 Respicit
839 2780 892 2847 hic
913 2781 1024 2846 Aelius
1053 2779 1096 2844 ad
1124 2781 1224 2848 Thuc.
1241 2784 1309 2849 VII.
1325 2787 1386 2868 25,

236 2880 292 2945 ubi
313 2879 375 2945 hcc
396 2879 552 2945 hahemus
573 2879 718 2945 scholion
739 2882 900 2947 nonnullis
927 2881 1006 2949 locis
1033 2887 1230 2967 corruptum:
1264 2878 1386 2951 δνευον

238 2971 459 3060 ἀναδούμενοι
474 2977 552 3053 τοὺς
567 2977 739 3066 οταυροός]
762 2974 903 3058 Τόνευός
925 2978 996 3047 ἐστι
1018 2981 1145 3070 μηχανὴ
1167 2988 1386 3072 περιαγωγῆς,

236 3072 258 3166 ᾗ
281 3078 314 3144 οἱ
333 3076 498 3164 χρώμενοι
512 3072 637 3145 όνεόειν
653 3079 815 3165 λέγονται.
847 3076 982 3159 Ἄλλως.
1005 3078 1145 3162 δόνόυός
1167 3083 1239 3151 ἐστι
1259 3084 1385 3174 μηχανὴ

237 3172 291 3247 ἐπ’
308 3174 416 3267 ἀκρων
426 3182 493 3247 τῶν
505 3172 649 3247 ἀκατίων
660 3186 859 3270 πηγνυμένη,
872 3174 932 3270 ἀφ’
947 3177 986 3272 ἧς
999 3185 1258 3274 περιβάλλοντες
1268 3188 1387 3276 βρόχος

237 3281 313 3366 (leg.
328 3280 475 3370 βρόχοις)
491 3280 570 3360 τοὺς
592 3281 754 3371 σταυροὺς
776 3280 811 3350 ἒκ
832 3288 891 3351 τοῦ
912 3290 1022 3369 βυθοῦ
1044 3281 1208 3363 ἀνέσπων.
1231 3287 1385 3376 ἔστιγὰρ

236 3377 416 3471 ἡτοιαύτη
438 3382 565 3473 μηχανὴ
590 3384 779 3474 βιαιοτάτη.
813 3384 872 3453 ἐπὶ
893 3392 1068 3469 τοσοῦτον,
1098 3382 1259 3456 ὥστεκαὶ
1284 3389 1386 3479 σαγή-

239 3508 296 3570 νην
317 3488 455 3570 βαρεῖαν
469 3481 535 3550 ἀπὸ
554 3485 645 3553 δυοῖν
669 3480 798 3575 ἀνδρῶν
820 3481 956 3565 ἀπόνως
979 3489 1147 3556 ἕλκεσθαι.
1184 3492 1301 3560 Suidas
1318 3513 1385 3560 su.

239 3578 361 3650 δνευον
394 3586 539 3669 primum
559 3589 632 3655 heli
664 3589 911 3673 explicationem
943 3592 1091 3675 praebet,
1132 3591 1249 3660 deinde
1280 3594 1385 3661 locum

239 3684 438 3771 Thucydidis
459 3684 586 3772 laudat,
614 3694 774 3774 postremo
804 3688 947 3757 scholion
976 3699 1077 3759 totum
1098 3693 1174 3760 inde
1196 3714 1217 3759 a
1238 3695 1386 3762 uocibus:

159 3833 166 3847 .
238 3781 316 3863 όνος
345 3784 417 3852 ἐστὶ
443 3784 570 3873 μηχανὴ
600 3782 656 3853 ἐπ’
691 3784 798 3875 ἀκρων
826 3792 892 3855 cciv
921 3784 1066 3860 ἀκατίων
1095 3794 1251 3875 cdicngit.
1295 3796 1387 3862 Prius
1416 3822 1435 3842 ³

238 3887 335 3969 igitur
361 3887 524 3970 scholion,
552 3888 637 3971 quod
665 3890 694 3956 si
714 3911 778 3957 non
806 3892 928 3977 uerbis,
957 3915 993 3961 re
1014 3901 1121 3962 tamen
1142 3894 1214 3978 ipsa
1239 3896 1387 3963 conuenit

240 4006 312 4053 cum
332 3988 406 4055 Aeli
428 3989 658 4076 explicatione,
680 3990 808 4058 omnino
830 4012 893 4062 non
915 3996 1030 4061 attulit.
1066 3995 1145 4062 (tum
1167 4015 1244 4063 nero
1257 3995 1387 4062 Aelium
