3142 4700
345 304 522 388 Quaestiones
540 318 573 374 de
590 318 755 376 scholiorum
773 317 1008 389 Thucydideorum
1025 317 1155 377 fontibus.
1267 319 1325 378 10¹7

177 494 351 576 scripturas
386 492 554 557 exhibent:
597 489 751 577 πρύμναν
785 484 1049 577 ἀνακρούεσθαι,
1086 485 1328 575 ὗπαναχωρεῑν,
1361 528 1362 531 ¹

178 597 406 679 στρέψαντος,
427 587 649 672 ὑποπιόντες,
672 596 770 676 atque
794 584 880 657 οὕτω
903 597 936 658 et
957 591 1038 679 ῥᾷον
1059 593 1156 677 plane
1170 591 1329 659 omittunt.
1382 673 1386 681 ⁵

178 696 258 762 Cum
273 692 422 760 Photium
445 695 567 761 scholia
581 694 793 778 Thucydidea
814 694 1001 761 adhibuisse
1021 694 1079 760 uix
1100 694 1142 760 sit
1163 692 1328 778 credibile,

178 802 212 861 et
233 796 283 863 his
305 800 372 861 tam
395 795 503 861 multis
525 796 702 881 scripturae
717 795 940 878 discrepantiis
961 795 1042 863 haec
1056 794 1196 880 suspicio
1211 813 1327 876 augea·
1366 810 1370 815 ⁴

177 905 244 979 tur,
276 916 341 963 nou
372 897 488 964 iniuria
521 898 712 964 contendere
745 897 824 963 mihi
856 897 968 964 uideor
994 896 1089 964 Photi
1122 898 1263 980 glossam
1297 904 1330 965 et
1420 916 1424 923 ·

176 999 321 1067 scholion
343 1000 385 1065 ab
409 999 522 1065 eadem
545 997 666 1083 origiue
688 997 828 1083 petenda
850 1018 937 1082 esse,
965 998 986 1064 i.
1002 1018 1029 1066 e.
1052 998 1095 1064 ab
1116 998 1329 1066 atticistarum

177 1100 312 1184 scriptis.
358 1099 475 1167 Suidas
505 1097 628 1181 autem,
657 1120 728 1167 cum
757 1102 819 1167 hoo
846 1102 915 1168 loco
938 1120 1067 1185 prorsus
1096 1099 1209 1165 cadem
1231 1107 1329 1182 atque

175 1201 309 1268 Photius
333 1201 500 1284 exhibeat,
523 1221 586 1267 uon
608 1219 626 1266 e
649 1200 770 1270 scholio
797 1201 855 1270 sed
877 1221 919 1268 ex
941 1200 1056 1268 eodem
1078 1208 1175 1284 atque
1196 1193 1329 1268 Photius

175 1303 263 1369 fonte
283 1302 411 1368 uidetur
433 1321 492 1369 sua
514 1303 668 1370 hausisse·
837 1296 839 1300 ’

261 1405 431 1471 Manifesta
460 1423 536 1470 uero
565 1424 616 1472 res
646 1410 695 1472 est
721 1404 755 1470 in
777 1407 887 1487 glossa
907 1405 965 1471 illa
986 1423 1105 1485 magna
1127 1405 1213 1489 apud
1236 1404 1328 1472 Phot.

176 1527 201 1573 s·
217 1526 247 1572 u.
271 1503 424 1592 σκυτάλη.
448 1502 609 1592 ἐπιστολὴ
627 1504 825 1592 Λακωνική·
855 1492 894 1593 ἦν
918 1504 954 1570 δὲ
976 1504 1119 1592 σκυτάλη
1142 1502 1238 1581 ξύλον
1260 1502 1330 1582 ἒξε-

177 1610 297 1690 σμένον
320 1604 487 1695 ἐπίμηκες.
516 1605 574 1672 ὄάο
598 1605 750 1696 δὲπαρά
772 1606 1060 1689 Λακεδαιμονίοις
1082 1602 1229 1693 ὑπῆρχον
1252 1626 1329 1671 σκυ-

174 1707 286 1774 τάλαι.
309 1709 364 1773 καί
386 1706 446 1796 τὴν
467 1708 528 1791 μὲν
549 1715 631 1792 μίαν
653 1721 803 1791 κατεῖχον
826 1710 859 1775 οἱ
881 1707 1001 1796 ’ἔφοροι
1022 1710 1089 1773 τῶν
1112 1706 1329 1790 Λακεδαιμο-

176 1816 271 1890 νίων,
295 1806 354 1897 τὴν
378 1809 414 1874 δὲ
436 1808 551 1896 ἑτέραν
572 1813 621 1896 cpi
643 1808 886 1896 ἐκπεμπομένη
912 1802 997 1897 παρ’
1024 1802 1133 1875 αὐτῶν
1155 1811 1329 1897 στρατηγῷ
1409 1825 1415 1838 ·

176 1899 352 1999 παρεῖχον.
376 1914 433 1977 καὶ
454 1906 559 1977 ὁπότε
582 1910 756 1995 ἐβούλοντό
779 1936 814 1978 τι
837 1910 1027 1978 ἐπιστεῖλαι
1049 1904 1148 1996 αὐτῷ,
1173 1916 1330 1999 φέροντες

176 2012 298 2097 ἱμάντα
321 2011 434 2079 λευκὸν
456 2013 646 2099 περιεῖλλον
668 2011 727 2100 τὴν
750 2012 921 2101 σκυτάλην.
950 2015 1007 2079 καὶ
1029 2011 1089 2079 ἐπὶ
1109 2016 1170 2078 τοῦ
1192 2011 1330 2096 ίμάντος

175 2114 322 2203 ’ἔγραφον
343 2116 400 2180 καί
416 2107 641 2192 ἀνελίττοντις
655 2128 817 2202 παρεῖχον
831 2113 889 2182 τὸν
909 2115 1031 2199 ἱμάντα
1045 2118 1093 2200 cpi
1110 2108 1328 2202 ἀποφέρουσι.

173 2220 273 2283 τοῦτο
296 2217 332 2282 δὲ
355 2213 493 2283 ἐποίουν
514 2216 570 2282 ἵνα
592 2214 637 2304 μὴ
659 2215 881 2300 μανθάνωσιν
904 2218 938 2283 oi
960 2209 1190 2304 ἀποφέροντες
1211 2213 1248 2281 τὸ
1272 2214 1330 2302 δη-

176 2317 336 2403 λούμενον
366 2316 400 2384 ἓν
424 2310 524 2404 αὐτῷ.
557 2312 574 2385 ὃ
600 2317 635 2384 δὲ
658 2316 840 2406 στρατηγὸς
868 2317 1042 2402 δεχόμενος
1062 2315 1121 2384 τὸν
1145 2315 1268 2401 ἱμάντα
1289 2318 1330 2403 τῇ

175 2419 296 2487 ἑαυτοῦ
325 2419 466 2505 σκυτάλῃ
497 2420 717 2506 περιείλιττον
744 2421 801 2484 καί
823 2413 1057 2506 ἀνεγίγνωσκεν
1086 2411 1191 2495 οὕτως
1212 2416 1254 2484 τὰ
1276 2442 1330 2503 γε·

173 2524 358 2609 γραμμένα.
394 2524 544 2604 Λέγεται
567 2506 623 2586 οὗν
646 2522 702 2585 καὶ
722 2515 742 2606 ἡ
766 2518 927 2608 ἐπιστολὴ
951 2519 1093 2608 σκυτάλη
1115 2521 1172 2585 καὶ
1191 2511 1270 2584 αὐτὸ
1290 2517 1327 2585 τὸ

175 2621 282 2702 ξύλον,
307 2613 369 2709 ἀφ’
401 2613 440 2687 οὗ
462 2616 559 2708 καὶὴ
589 2619 760 2709 ἐπιστολή.
804 2622 1048 2711 Διοσκουρίδης
1070 2622 1106 2688 δὲ
1126 2623 1194 2687 κτλ.
1239 2621 1331 2701 Quae

174 2724 285 2792 omnia
306 2725 351 2790 ita
380 2723 549 2791 concinunt
578 2743 649 2789 cum
678 2723 800 2789 scholio
822 2724 922 2791 Thuc.
939 2725 964 2791 Ι.
982 2729 1068 2809 l3t.,
1097 2731 1133 2791 ut
1159 2724 1330 2789 minutiora

176 2833 300 2894 tantum
329 2824 403 2909 (sed
432 2846 472 2891 ea
493 2824 540 2890 ita
568 2831 769 2910 comparata,
796 2830 833 2890 ut
861 2843 922 2891 nec
942 2824 1092 2912 Pflhotium
1113 2845 1134 2890 a
1156 2824 1330 2891 scholiasta

175 2937 378 3014 excerptum,
400 2946 460 2992 nec
481 2926 566 2994 hunc
587 2927 629 2992 ab
651 2926 707 2992 illo
724 2926 918 3009 exscriptum
933 2945 1006 2993 esse
1022 2926 1192 3008 quisquam
1207 2924 1330 3010 credat)

176 3031 225 3097 ibi
246 3035 370 3096 mumta
391 3028 462 3094 sint.
504 3028 586 3093 'Pam
609 3029 750 3112 amplam
771 3028 869 3111 igitur
889 3029 1029 3112 glossam
1052 3026 1193 3111 optimae
1215 3025 1330 3093 doctri·

178 3152 240 3198 nae
261 3130 391 3216 plenam
413 3128 441 3195 si
464 3128 550 3214 apud
572 3129 720 3196 Plotium
748 3134 781 3196 et
808 3129 1015 3197 scholiastam
1043 3135 1185 3196 nostrum
1207 3128 1328 3192 inueni-

178 3253 265 3317 mus,
296 3232 373 3314 quid
401 3230 621 3313 uerisimilius,
650 3248 746 3311 quam
775 3231 865 3296 illam
893 3229 936 3297 ad
951 3230 1020 3297 'eos
1048 3235 1193 3296 auctores
1215 3226 1329 3310 redire,

15 3403 17 3418 Ι
63 3389 68 3394 .
178 3354 259 3416 quos
273 3333 338 3399 iam
354 3334 481 3418 saepius
493 3332 657 3412 utriusque
671 3331 858 3413 glossatoris
872 3331 992 3398 fontem
1007 3330 1216 3416 principalem
1230 3327 1329 3397 fuisse

15 3419 17 3434 '
177 3435 341 3501 uidimus?
373 3433 522 3516 Accedit,
545 3432 631 3516 quod
652 3431 796 3498 scholion
818 3431 861 3498 ad
875 3432 1037 3517 Aristoph.
1052 3432 1155 3497 Auu.
1173 3434 1263 3496 1283.
1288 3449 1330 3498 ex

178 3537 242 3603 hac
268 3537 378 3619 glossa
407 3532 591 3620 excerptum
614 3536 679 3617 est,
707 3532 792 3600 unde
820 3534 892 3599 luce
920 3533 1036 3600 clarius
1064 3531 1221 3600 cuincitur
1247 3532 1330 3599 hanc

179 3645 281 3706 totam
296 3638 437 3720 glossam
452 3635 494 3701 ad
509 3642 669 3702 uetustam
684 3634 846 3717 quandam
862 3633 1015 3717 originem
1034 3654 1105 3702 esse
1119 3633 1328 3702 referendam.

16 3747 17 3754 ’
56 3788 61 3795 -
180 3739 262 3807 Cum
284 3758 360 3805 uero
382 3738 563 3823 Hesychius
585 3743 617 3805 et
639 3742 745 3804 cetera
766 3736 873 3802 lexica
897 3742 1039 3819 taceant,
1067 3738 1151 3804 ultra
1173 3735 1328 3800 atticistas

179 3840 333 3927 progredi
355 3839 557 3905 temerarium
571 3837 706 3904 uidetur.
743 3838 857 3919 Neque
880 3839 1042 3923 excerptio
1064 3839 1123 3903 illa
1144 3838 1177 3902 in
1198 3834 1328 3902 scholiis

178 3939 425 4026 Aristophaneis
446 3940 586 4005 alienam
607 3938 762 4020 originem
783 3937 920 4022 indicat,
949 3938 1024 4019 quia
1053 3936 1208 4003 atticistas
1230 3937 1327 4003 etiam

179 4043 316 4109 multum
330 4042 363 4107 in
378 4041 506 4108 comicis
522 4045 664 4107 uersatos
680 4058 751 4106 esse
765 4046 899 4123 constat,
915 4026 958 4105 cf.x
970 4038 1064 4103 Photi
1080 4036 1156 4103 bibl.
1172 4035 1241 4103 cod.
1257 4041 1327 4105 152.
