3142 4700
347 302 523 371 Quaestiones
541 304 576 359 de
593 304 757 361 scholiorum
774 306 1013 377 Thucydideorum
1024 309 1153 367 tontibus.
1285 315 1323 374 71

183 493 376 557 quamquam
397 477 497 544 multo
520 476 632 544 melior
654 485 747 546 estet
769 480 897 565 saepius
919 500 995 548 uera
1010 483 1091 552 bene
1112 482 1327 573 inuestigauit,

181 576 303 644 Naberi
324 584 431 646 tamen
453 579 589 662 uestigia
609 580 703 648 nimis
725 602 822 650 caeco
843 598 953 651 amore
973 586 1089 669 premit
1111 592 1144 652 et
1160 590 1327 669 permultis

181 678 259 745 locis
281 701 371 765 eum,
394 681 449 763 qui
471 686 520 748 est
539 682 621 749 inter
644 683 767 752 scholia
789 695 821 752 et
842 685 964 769 lexioa,
994 706 1151 755 conexum
1174 710 1237 757 non
1259 693 1325 758 ani-

182 780 360 849 maduertit.
404 784 511 865 Atque
533 784 631 851 etiam
653 805 693 852 ea
706 785 755 883 'de
778 806 875 853 musa
896 807 947 853 res
971 789 1086 857 iterum
1107 791 1326 875 aggredienda

181 891 245 967 est,
276 884 362 966 quod
383 885 565 970 Boyseni
593 885 635 954 de
656 888 917 972 Harpocrationis
939 891 1079 957 fontibus
1102 892 1325 962 dissertatione

180 986 286 1053 Kilon.
303 1006 332 1052 a.
348 991 437 1053 1876.
459 988 635 1071 permultae
648 990 826 1057 sententiae
840 1010 861 1055 a
874 991 1003 1060 Nabero
1025 993 1186 1078 prolatae,
1209 997 1325 1078 quibus

180 1091 247 1155 fere
269 1108 378 1157 omnes
403 1089 509 1156 adhuc
537 1089 634 1156 fidem
662 1092 818 1174 habuere,
848 1092 1004 1161 refutatae
1025 1103 1098 1162 sunt
1119 1095 1172 1179 (ci.
1194 1118 1224 1181 p.
1242 1098 1324 1182 Sti),

18 1198 20 1203 '
101 1208 103 1213 ⁴
181 1209 263 1272 quae
285 1211 335 1258 res
350 1191 510 1259 artissime
525 1193 675 1265 cohaeret
689 1213 760 1260 curn
775 1200 883 1261 nostra
898 1194 1129 1279 disputatione,
1151 1200 1186 1261 ut
1200 1193 1325 1263 uidebis

179 1313 210 1376 p.
227 1296 266 1357 80
291 1299 322 1358 et
347 1294 490 1378 pluribus
512 1296 590 1363 loeis
613 1295 727 1380 eapitis
749 1295 863 1376 quarti.
907 1297 1101 1365 Doberentzi
1129 1318 1205 1365 uero
1233 1298 1324 1364 libel-

179 1394 245 1460 lum
273 1396 380 1478 exigui
407 1398 502 1481 pretii
531 1418 694 1465 essenon
723 1417 803 1462 mea·
824 1401 947 1464 tanturn
980 1405 1029 1464 est
1060 1400 1232 1482 sententia,
1267 1397 1325 1465 sed

179 1497 277 1564 etiam
299 1497 437 1565 Schoeni
459 1498 512 1583 (of.
533 1499 716 1567 Jahresber.
739 1499 760 1565 l.
776 1497 812 1582 l.)
834 1510 867 1566 et
888 1500 1045 1582 Bgenolffi
1067 1499 1122 1583 (cf.
1136 1494 1322 1569 Jahresber.

178 1599 242 1665 nol.
256 1601 344 1666 XIII.
360 1621 391 1684 p.
407 1604 476 1668 136.
491 1603 587 1687 squ).
620 1603 671 1669 De
685 1600 827 1668 tontibus
843 1600 1111 1684 lexicographicis
1125 1603 1182 1669 ille
1196 1602 1324 1669 omnino

83 1722 88 1731 “
179 1700 258 1768 nihil
280 1701 385 1769 adfert
406 1724 511 1788 neque
532 1702 659 1771 uidetur
677 1723 732 1771 eos
753 1703 892 1769 nouisse.
930 1692 1044 1770 Cetera
1066 1700 1094 1770 si
1116 1710 1172 1771 aut
1186 1724 1322 1771 comme·

179 1803 333 1871 moranda
354 1811 409 1870 aut
431 1804 599 1872 refutanda
620 1812 708 1889 sunt,
731 1826 789 1872 suo
811 1806 882 1872 loco
904 1806 1046 1872 afferam.

263 1905 396 1974 Omnem
424 1905 678 1988 disquisitionem
705 1906 752 1973 ita
780 1907 960 1990 instituam,
988 1911 1024 1973 ut
1051 1906 1156 1992 capite
1184 1906 1323 1974 secundo

13 1997 18 2002 ’
77 2074 81 2077 ,
177 2026 271 2090 agam
300 2006 684 2091 decommentatoribus,
713 2008 829 2091 quiin
857 2008 986 2082 scholiis
1014 2008 1200 2092 laudantur,
1230 2009 1324 2075 tertio

178 2130 228 2176 me
243 2118 425 2176 consertam
439 2110 482 2176 ad
498 2116 762 2179 commentatores
777 2111 907 2179 aliunde
924 2116 1026 2196 notos,
1045 2117 1157 2194 quarto
1171 2111 1204 2176 in
1218 2108 1324 2177 lexioa

177 2211 333 2293 inquiram
348 2221 381 2279 et
394 2212 469 2279 inde
483 2213 600 2299 omnia,
623 2213 730 2296 quoad
746 2214 814 2280 eius
829 2213 899 2279 fieri
919 2220 1034 2297 potest,
1058 2213 1218 2297 colligam,
1241 2231 1323 2295 quae
1422 2290 1426 2295 .

176 2314 271 2382 certis
286 2315 469 2383 auctoribus
488 2322 621 2401 possunt
635 2316 766 2384 restitui
799 2315 926 2383 Deinde
940 2313 1059 2382 addam
1074 2306 1323 2400 disputatiuncu-

175 2419 241 2482 lam
259 2416 299 2484 de
315 2417 506 2484 scholiorum
525 2425 646 2501 aetate,
669 2418 778 2485 ultimo
802 2418 872 2485 loco
894 2417 1050 2484 subiciam
1071 2415 1210 2484 indicem
1231 2415 1323 2482 scho-

175 2518 289 2584 liorum
311 2518 600 2603 Thucydideorum,
623 2519 761 2601 quaein
782 2518 903 2587 Suidae
924 2519 1029 2586 lexico
1050 2518 1260 2586 inueniuntur.

207 2773 323 2841 CAPUT
344 2776 385 2840 Π.
430 2772 483 2836 De
505 2771 811 2846 commentatoribus,
836 2775 891 2857 qui
910 2774 941 2834 iu
963 2771 1091 2835 scholiis
1113 2759 1288 2834 tunduntur.

259 2928 417 3009 Plurima,
439 2925 468 2992 si
488 2915 536 2992 ita
557 2925 663 2993 dicere
684 2925 775 3009 licet,
799 2924 840 2994 de
854 2924 1022 3010 Antyllo
1041 2924 1173 3008 scimus,
1196 2924 1323 2990 rhetore

176 3029 330 3112 quodam,
354 3029 443 3095 cuius
465 3049 581 3095 nomen
603 3026 689 3111 apud
704 3027 839 3095 Suidam
854 3033 1125 3111 commemoratur,
1148 3026 1237 3093 cuius
1251 3045 1320 3094 sen·

176 3133 295 3201 tentiae
316 3138 365 3198 ter
387 3130 419 3198 in
441 3130 587 3212 scholiis,
610 3136 658 3196 ter
678 3131 711 3196 in
732 3130 801 3196 uita
815 3128 1196 3217 Marcelliniatieruntur.
1237 3128 1321 3207 Quo·

175 3254 250 3300 nam
272 3239 414 3319 tempore
437 3240 492 3299 aut
514 3231 660 3317 quisnam
682 3232 790 3315 fuerit,
813 3233 988 3314 nescimus,
1011 3250 1082 3298 oum
1104 3230 1221 3297 Suidas
1243 3249 1268 3294 s.
1291 3249 1321 3295 u.

175 3328 349 3411 Ἄντυλλος
371 3334 451 3401 nihil
472 3332 561 3400 aliud
583 3341 722 3418 apponat
745 3352 841 3416 quam
863 3332 982 3421 ῥήτωρ.
1026 3331 1153 3400 Nicolai
1169 3329 1321 3412 (,Gesch.

176 3437 207 3502 d.
222 3438 340 3521 griech.
354 3436 532 3503 Literatur¹⁴
548 3436 604 3502 ΠΙ.
617 3458 647 3521 p.
658 3433 744 3519 220.)
759 3435 828 3501 sine
844 3435 910 3501 ullo
924 3434 992 3501 iure
1008 3432 1101 3522 tertio
1116 3440 1190 3517 post
1202 3431 1274 3498 Chr.
1290 3453 1320 3498 n.

175 3540 302 3608 saeculo
325 3559 405 3606 eum
419 3539 516 3606 imese
531 3537 678 3622 affirmat.
705 3539 765 3605 De
787 3536 1013 3605 commentario
1036 3536 1138 3620 illius,
1162 3555 1244 3619 quae
1261 3535 1320 3602 soi·

45 3633 49 3639 ’
175 3661 260 3725 mus,
288 3641 369 3706 haec
390 3647 472 3707 sunt.
514 3641 595 3707 lium
613 3639 716 3706 'uitam
746 3639 909 3724 scriptoris
938 3639 1067 3706 breuem
1095 3636 1320 3727 commentario

174 3743 378 3828 praemisisse
400 3741 516 3809 docent
543 3743 737 3826 fragmenta,
768 3756 865 3824 quae·
880 3740 967 3825 apud
988 3740 1207 3808 Marcellinum
1233 3739 1322 3804 inue-

175 3847 310 3913 niuntur.
346 3844 365 3927 ἕ
381 3847 431 3908 55.
453 3842 533 3910 haee
547 3846 657 3911 refert:
680 3841 751 3908 ’ἐστι
774 3843 811 3909 δὲ
833 3835 934 3908 αὐτοῦ
952 3841 1009 3925 (sc.
1024 3844 1084 3907 τοῦ
1101 3837 1320 3923 Θουκυδίδου)

174 3945 283 4034 τάφος
304 3946 448 4033 πλησίου
471 3944 687 4024 τῶνπυλῶν,
717 3942 751 4012 ἓν
771 3950 884 4032 χωρίῳ
906 3947 965 4032 τῆς
993 3937 1149 4029 Ἀττικῆς,
1172 3938 1190 4006 ὃ
1215 3942 1320 4028 Κοίλη

175 4052 337 4130 καλεῖται,
360 4044 452 4112 καθά
475 4067 578 4134 φησιν
600 4039 774 4123 Ἄντυλλος
797 4040 995 4124 distractor
1017 4039 1099 4132 ἀνὴρ
1113 4046 1322 4130 μαρτυρῆσαι
