3142 4700
361 337 539 407 (quaestiones
557 337 589 393 de
607 336 771 392 scholiorum
789 334 1025 406 Thucydideorum
1041 334 1171 392 fontibus.
1281 336 1342 395 109

193 510 351 577 habemus
374 508 568 593 exemplum,
591 527 669 593 quo,
692 513 813 590 quanta
833 507 1038 593 neglegentia
1059 507 1154 572 etiam
1175 505 1210 572 in
1232 507 1340 575 melio·

193 612 281 678 ribus
303 609 417 676 lexicis
439 610 492 677 hic
514 612 564 676 nel
585 609 653 675 illic
666 610 837 676 nonnullae
853 607 1041 690 antiquioris
1056 606 1220 674 doetrinae
1234 615 1342 692 partes

192 712 332 779 omissae
354 712 433 796 sint,
456 713 551 796 plane
566 710 807 778 demonstretur.
844 708 941 777 (luins
962 710 1088 793 generis
1109 711 1211 775 multa
1224 709 1342 776 similia

192 832 269 879 mox
284 811 501 879 enumeranda
514 818 596 879 sunt.
618 812 737 879 Moeris
750 833 781 897 p.
795 814 864 876 143.
880 811 1020 879 Pierson.
1037 805 1194 898 εὔηθες·
1210 807 1246 875 τὸ
1261 835 1341 897 χρη-

192 913 272 981 οτδυ
295 912 389 1001 παρὰ
414 911 598 1000 Θουκυδίδῃ
621 905 793 992 Ἀττικῶς,
824 906 944 999 εὔηθες
971 909 1008 978 τὸ
1039 905 1179 999 ἀνόητον
1196 906 1342 999 Έλληνι·

191 1018 258 1091 κῶς
280 1012 392 1097 (quam
412 1016 636 1099 interpolatam
657 1015 791 1082 iormam
806 1012 906 1081 habet
920 1011 1006 1099 apud
1021 1013 1218 1098 Hesychium
1233 1014 1342 1096 glossa

191 1109 327 1202 altera),
356 1137 374 1183 e
396 1117 494 1183 simili
521 1117 609 1184 fonte
630 1114 758 1183 uidetur
784 1116 931 1182 hausisse
953 1115 993 1181 ci.
1015 1114 1157 1181 Bekkeri
1178 1115 1299 1182 Anecd.
1314 1117 1341 1199 Ι,

191 1240 223 1303 p.
236 1222 288 1304 91,
299 1223 349 1283 23.
366 1222 438 1301 243,
453 1221 501 1282 12.
523 1217 603 1283 Poll.
616 1217 653 1284 V.
669 1221 738 1284 119.
775 1217 906 1285 Scholia
920 1218 1087 1284 Platonica
1108 1217 1229 1283 nullam
1245 1236 1341 1301 opem

191 1320 337 1387 afferunt.
837 1372 843 1381 .

277 1420 409 1486 Photius
423 1440 447 1486 s.
461 1441 490 1486 u.
507 1411 650 1500 εὗλάχυ
664 1416 718 1503 (oi.
730 1419 801 1485 Ael.
815 1420 947 1506 Dionys.
963 1440 994 1504 p.
1008 1423 1057 1486 57.
1074 1418 1124 1487 ed.
1137 1419 1340 1502 Schwartz.)·

191 1514 314 1602 εὖλάχα
337 1515 477 1609 ἄροτρον
504 1518 599 1606 παρὰ
617 1519 801 1607 Θουκυδίδῃ
825 1517 871 1606 [ἓν
883 1523 1020 1608 χρησμῷ
1045 1518 1124 1607 τινι]
1136 1520 1169 1605 1).
1206 1520 1341 1607 Δώριος

191 1622 228 1688 δὲ
250 1618 270 1710 ἡ
295 1620 390 1699 λέξις.
435 1621 526 1701 Quae
551 1623 660 1706 glossa
686 1621 818 1708 respicit
840 1621 883 1688 ad
905 1622 1005 1691 Thac.
1021 1623 1058 1689 V.
1077 1626 1142 1707 lh,
1171 1622 1226 1688 ubi
1248 1622 1338 1691 scho-

190 1725 288 1792 liasta
309 1725 389 1792 haec
410 1724 559 1791 adnotat:
592 1715 733 1788 εὖλάκου
763 1720 880 1808 δὲτὴν
902 1714 992 1789 doura
1015 1724 1049 1789 ολ
1069 1722 1340 1809 Λακεδαιμονίοι

190 1826 351 1911 λέγουσιν.
375 1823 459 1891 ἔνιοι
482 1824 517 1890 δὲ
540 1824 690 1890 δίκελλαν
712 1825 863 1909 λέγουσιν
881 1816 1025 1890 dadano
1047 1826 1214 1891 λοκαίυειυ
1230 1824 1339 1891 ouda·

188 1950 268 1992 τειυ.
294 1919 442 2004 εὐλάξειν
458 1924 494 1990 δὲ
510 1917 653 2011 dedomo.
690 1926 726 1992 si
746 1925 891 1993 scholion
905 1946 1020 1993 reuera
1035 1947 1106 1994 cum
1122 1927 1217 1994 Photi
1231 1929 1340 2011 glossa

189 2029 355 2112 cohaeret,
386 2028 596 2094 atticistarnm
618 2028 791 2113 explicatio
811 2027 917 2111 priore
938 2030 1009 2095 loco
1032 2028 1178 2095 exhibita
1199 2036 1256 2095 est.
1300 2027 1339 2094 Id

189 2129 319 2211 quidem
342 2136 460 2196 camum
483 2135 532 2195 est
553 2150 665 2196 uocem
691 2130 782 2196 illam
805 2121 926 2210 εδλάχα
953 2149 1110 2213 nusquam
1131 2129 1219 2215 apud
1241 2131 1338 2216 scrip·

189 2237 275 2297 tores
297 2249 430 2314 graecos
451 2230 564 2298 redire.
609 2230 675 2297 Sed
697 2252 748 2299 res
770 2238 819 2298 est
841 2230 1044 2316 difficillima,
1069 2231 1145 2314 quia
1165 2252 1260 2299 nemo
1282 2252 1338 2297 un-

189 2352 287 2415 quam
309 2332 541 2399 demonstrabit
561 2335 696 2399 rastrum
719 2339 751 2399 et
773 2338 914 2398 aratrum
942 2354 1004 2399 non
1030 2353 1101 2400 esse
1129 2334 1338 2401 instrumenta

187 2452 318 2517 prorsus
346 2432 429 2498 inter
456 2451 493 2497 sc
520 2431 664 2517 diuersa,
693 2433 755 2497 nisi
783 2433 865 2500 forte
893 2433 1052 2500 credimus
1080 2435 1268 2519 interpretes
1296 2435 1338 2503 de

187 2535 398 2598 instrumento
422 2531 539 2616 agresti
563 2533 775 2617 qualicunque
804 2532 997 2616 cogitauisse
1026 2539 1058 2602 et
1080 2555 1192 2602 uocem
1213 2536 1337 2603 rarissi-

187 2652 273 2699 mam
296 2633 453 2699 uocabulo
473 2631 606 2698 δίκελλα
626 2635 695 2701 sine
718 2635 874 2701 uocabulo
897 2628 1038 2722 ἄροτρον
1056 2636 1244 2719 explicasse.
1282 2639 1337 2703 Al·

188 2744 258 2803 tera
287 2735 460 2818 explicatio
488 2735 591 2818 magis
618 2735 696 2801 mihi
726 2736 862 2820 arridet,
896 2744 991 2818 quam
1021 2744 1096 2822 peto
1125 2757 1167 2804 cx
1195 2739 1338 2824 Hesychi

187 2838 297 2920 glossa
319 2829 462 2916 αὐλάχα·
490 2831 510 2923 ἡ
534 2827 638 2915 dorse,
668 2855 732 2918 qna
754 2845 931 2903 commotus
953 2836 1137 2905 Diodoriius
1159 2836 1203 2902 ad
1224 2860 1338 2907 uocem

188 2930 310 3019 εδλάχα
331 2938 364 3003 in
385 2937 551 3005 Thesauro
573 2937 729 3022 Stephani
757 2938 845 3023 apud
866 2937 1089 3022 Thucydidem
1112 2932 1238 3021 αὐλάχα
1259 2943 1335 3009 sori·
1378 2980 1383 2992 ·

187 3040 328 3107 bendum
351 3058 422 3105 esse
444 3045 560 3106 censet.
606 3041 741 3125 Propter
762 3040 845 3107 hauc
867 3040 1010 3125 Hesychi
1030 3042 1171 3121 glossam
1194 3062 1254 3127 ego
1275 3064 1338 3111 non

186 3140 309 3225 dubito,
330 3142 406 3222 quin
420 3146 559 3224 utraque.
567 3141 685 3222 glossa,
701 3147 734 3208 et
747 3140 953 3224 Hesychiana
970 3147 1002 3207 et
1016 3141 1183 3228 Photiana,
1200 3151 1232 3210 et
1246 3146 1336 3211 seho-

188 3243 253 3309 lion
268 3240 513 3325 Thucydideum
535 3262 576 3308 ex
598 3242 712 3308 eodem
734 3242 803 3307 rino
826 3240 942 3308 hausta
963 3243 1034 3308 sint.
1072 3244 1123 3310 De
1144 3245 1246 3310 altera
1260 3265 1336 3312 uero

4 3319 5 3410 ζ
121 3345 125 3354 ’
187 3343 301 3409 scholii
323 3347 415 3428 parte
438 3341 570 3424 eiusque
592 3343 714 3426 ου’ςίυυ
735 3346 865 3426 propter
893 3343 1066 3410 lexicornm
1088 3344 1250 3411 silentium
1273 3344 1337 3412 dici

186 3443 266 3510 nihil
288 3449 403 3528 potest.

272 3545 405 3611 Photius
426 3564 451 3611 a.
466 3565 500 3610 u.·
531 3541 686 3631 ἐφολκὰ
710 3543 858 3628 λέγοντες
879 3537 926 3620 ὥς
949 3543 1154 3632 Θουκυδίδης
1176 3540 1251 3613 ἀντὶ
1277 3552 1337 3615 τοῦ

186 3642 362 3731 ἐπαγωγόν
385 3645 438 3728 (ci.
455 3645 638 3730 Schwartz„
660 3646 731 3712 Ael.
746 3645 880 3730 Dionys.
897 3665 928 3729 p.
940 3644 1005 3729 58.)
1028 3646 1157 3733 respicit
1179 3649 1222 3715 ad
1243 3669 1335 3715 usum

187 3748 348 3830 quendam
380 3744 641 3831 Thucydidenm,
679 3765 774 3828 quem
810 3746 985 3814 scholiasta
1019 3750 1147 3833 saepius
1180 3749 1335 3832 explicat:

275 3901 298 3964 l)
314 3898 370 3963 Ea,
389 3911 459 3965 quae
476 3896 554 3951 uncis
571 3895 678 3950 inclusa
696 3900 768 3962 sunt,
786 3896 860 3965 apud
870 3897 999 3954 Photinm
1014 3897 1209 3961 desiderantur,
1227 3901 1336 3953 emunt

184 3984 213 4039 in
236 3982 335 4038 Suidae
356 3981 454 4050 glossa.
490 3981 608 4036 Cobetus
626 3979 938 4051 Mnemos.V1.p.168.:
966 3978 1064 4046 εὐλάκᾳ
1086 3975 1190 4051 ἀργυρᾷ
1213 3976 1336 4045 εὐλαξεῖν

184 4067 258 4137 apud
276 4065 460 4137 Thucydidem
478 4064 561 4121 scribi
578 4064 662 4121 iubet.
813 4079 815 4084 ‘
