3142 4700
319 288 495 357 Quaestiones
513 289 547 344 de
564 290 729 347 scholiorum
746 289 981 361 Thucydideorum
999 292 1129 348 fontibus.
1257 297 1297 353 69

153 460 277 527 scholia
304 480 413 528 eorum
442 467 551 529 tantae
579 463 778 530 auctoritatis
808 470 897 548 sunt,
929 472 964 530 ut
994 465 1178 534 melioribus
1205 489 1298 552 pares

153 562 274 628 censeri
295 563 425 646 possint.
468 564 603 631 Praeter
631 565 808 648 peculiaria
835 566 893 633 illa
914 565 1011 633 etiam
1033 568 1156 635 scholia
1178 577 1297 655 uetera,
1332 631 1335 637 .

152 666 323 745 quaesere
351 653 469 746 ubique
496 666 713 749 inueniuntur,
741 666 848 734 iubis
871 670 1033 737 codicibus
1056 675 1189 738 exstant.
1233 672 1297 737 Nc·
1397 676 1401 685 '

152 765 282 831 uissima
311 765 418 832 attulit
445 764 664 836 Duchesne'
686 771 923 853 e-Sacellicnis
953 771 1110 856 excerptis
1141 792 1159 837 e
1188 771 1298 840 codice

151 867 327 934 Patmiensi
349 868 553 937 miscellaneo
576 873 697 937 saeculi
710 873 762 957 X,
785 893 869 955 quae
890 875 923 940 iu
944 875 1001 940 illo
1023 880 1150 958 praeter
1167 894 1296 941 consue·

151 969 293 1035 tudinem
314 991 378 1037 non
401 971 536 1055 margini
557 971 719 1058 adscripta
741 982 830 1058 sunt,
853 976 911 1044 sed
929 998 946 1043 e
962 975 1071 1043 codice
1087 974 1297 1059 Thucydideo

151 1070 298 1138 uidentur
319 1079 478 1157 excerpta.
515 1074 721 1142 Inueniuntur
743 1078 823 1144 haec
836 1078 959 1145 scholia
976 1077 1010 1145 in
1026 1078 1157 1155 ,lieuue
1172 1076 1212 1142 dc
1227 1076 1297 1162 phi-

150 1171 395 1257 lolcgie“1877,
424 1176 487 1242 uol.
502 1176 526 1241 Ι.
549 1197 580 1260 p.
599 1181 803 1263 rsa-188,
827 1179 926 1263 unde,
956 1199 1039 1261 quae
1060 1178 1167 1245 adhuc
1187 1178 1298 1262 ignota

67 1326 70 1331 .
150 1280 250 1360 erant,
266 1276 522 1360 ligenolifius
538 1278 697 1364 excerpsit
711 1281 955 1358 in„Jahresber.
968 1284 1018 1347 fdr
1028 1281 1127 1346 klass.
1137 1281 1296 1347 Alterth.“

149 1376 237 1442 XIII.
260 1399 290 1462 p.
310 1380 378 1444 133.
394 1397 463 1463 sqq.
507 1381 581 1446 Non
606 1382 713 1464 magni
735 1383 829 1467 pretii
850 1390 939 1466 sunt,
969 1390 1001 1447 et
1022 1383 1066 1448 ad
1087 1401 1170 1465 rem,
1200 1403 1297 1465 quam

149 1480 241 1545 nobis
256 1482 493 1565 proposuimus,
515 1483 584 1548 fere
598 1484 715 1550 nullius
731 1486 891 1553 momenti.
929 1486 1068 1552 Textum
1090 1490 1197 1552 tamen
1219 1505 1295 1551 ncn-

149 1583 245 1647 nullis
274 1583 353 1648 locis
380 1582 456 1650 inde
483 1604 579 1668 posse
608 1586 723 1670 corrigi
750 1585 925 1654 docuerunt
946 1585 1242 1655 Herwerdenus
1264 1587 1298 1653 in

149 1683 287 1760 editione
303 1692 335 1752 et
349 1685 524 1752 (lobetus
539 1686 571 1750 in
586 1687 799 1755 coniectaneis
813 1688 846 1753 in
861 1689 1110 1773 „Mnemosyna“
1127 1688 1295 1772 expressis.

150 1784 324 1853 Scbceuius
340 1785 556 1871 („Jahresber.
572 1790 623 1853 tur
636 1788 735 1855 klass.
747 1789 905 1856 Alterth.“
920 1790 977 1856 III.
992 1810 1064 1873 pag.
1078 1788 1149 1873 ult.)
1164 1810 1236 1856 cum
1253 1789 1297 1855 ad

148 1888 388 1954 instaurandam
411 1888 452 1954 de
474 1890 604 1956 scholiis
626 1890 845 1974 Thucydideis
874 1891 1092 1974 quaestionem
1114 1899 1297 1959 accuratam

148 1990 370 2056 nonnullorum
393 1990 537 2058 codicum
559 1992 761 2059 collationem
776 1993 896 2075 requiri
911 1992 1138 2078 praecepisset,
1159 2014 1219 2078 ego
1234 1994 1295 2059 Pa-

148 2091 282 2158 latinum
305 2092 447 2160 codicem
469 2092 536 2158 adii
559 2099 590 2161 et
611 2094 734 2160 scholia
748 2093 824 2161 inde
840 2094 1001 2180 descripsi.
1039 2094 1118 2161 Inde
1133 2116 1209 2163 uero
1226 2115 1297 2160 cum

148 2193 376 2262 intellexissem
399 2193 442 2261 ad
462 2215 546 2279 rem,
575 2216 671 2278 quam
698 2196 920 2264 illustrandam
949 2196 1028 2262 mihi
1050 2197 1296 2282 proposuissem,

148 2296 233 2363 hunc
253 2297 397 2365 laborem
420 2297 519 2365 taedii
541 2298 670 2382 plenum
691 2298 786 2382 nihil,
809 2298 895 2382 quod
917 2298 1033 2367 sudore
1055 2299 1186 2381 dignum
1202 2309 1296 2382 esset,

147 2404 324 2482 praestare,
346 2401 609 2483 AugustauumF
631 2408 848 2485 perscrutatus
869 2422 932 2467 ncn
953 2421 1039 2484 sum;
1062 2423 1137 2468 nam
1160 2402 1296 2469 scholio·

146 2520 216 2565 rum
238 2501 389 2585 fontes,
412 2503 540 2586 etiamsi¹
558 2502 733 2585 scripturae
748 2501 946 2569 differentias
963 2503 1147 2570 minutiores
1169 2503 1295 2584 ignora·

147 2589 232 2685 mus,
256 2603 375 2685 optime
397 2624 438 2669 ex
461 2601 669 2685 editionibus,
692 2604 930 2686 qualescunque
951 2613 1040 2687 sunt,
1062 2610 1195 2687 possunt
1217 2606 1294 2690 erui,

148 2722 341 2788 quamquam
357 2704 391 2769 id
406 2704 535 2771 minime
550 2705 733 2787 negauerim
748 2725 851 2771 nouae
868 2704 1082 2787 disquisitioni
1097 2705 1137 2772 de
1159 2714 1295 2774 aucto·

147 2806 268 2873 ritate
284 2806 475 2874 scholiorum
489 2805 703 2874 instituendae
718 2807 802 2874 hanc
817 2826 947 2892 operam
962 2807 1141 2875 necessario
1157 2809 1295 2876 tribuen-

146 2909 222 2976 dam
244 2930 324 2976 esse.
605 2993 610 3002 ,

231 3012 328 3077 Edita
357 3017 430 3077 sunt
461 3009 584 3077 scholia
612 3012 749 3095 primum
781 3012 869 3097 apud
895 3011 1042 3078 Aldum
1071 3011 1296 3080 Manutium

147 3135 230 3181 anno
249 3118 339 3180 1502.
355 3134 376 3179 a
391 3112 545 3179 Gemistio
561 3113 727 3197 Plethcne,
750 3133 814 3195 qua
829 3112 969 3180 editione
983 3134 1059 3180 usus
1073 3135 1153 3197 sum,
1177 3113 1294 3182 deinde

146 3216 180 3280 in
195 3217 358 3282 Iuntina
378 3211 453 3280 anni
471 3218 561 3279 1506.
584 3215 760 3300 Dukerum,
782 3216 952 3300 Wassium‚
974 3216 1055 3282 alios
1070 3215 1190 3286 omitto.
1227 3217 1293 3281 Pri-

147 3338 217 3384 mus
239 3320 330 3385 nouis
352 3316 495 3385 codicum
520 3315 649 3382 auxiliis
673 3337 747 3384 usus
768 3321 818 3384 est
831 3318 885 3383 Po
892 3338 969 3402 ppo
991 3318 1023 3382 in
1048 3316 1188 3383 editione
1209 3316 1291 3383 Thu-

147 3420 274 3506 cydidis
297 3420 431 3504 maiore,
460 3420 580 3501 inqua
608 3420 699 3485 illum
722 3420 822 3485 multa
846 3424 879 3485 et
899 3425 950 3485 sat
971 3419 1103 3500 antiqua
1133 3418 1255 3485 scholia
1277 3443 1295 3487 e

147 3522 311 3590 codicibus
326 3522 413 3604 EFH
431 3521 595 3589 addidisse
609 3527 753 3607 apparet.
793 3520 880 3588 Caua
902 3527 1009 3587 tamen
1023 3520 1117 3587 nimis
1130 3517 1183 3586 illi
1197 3520 1293 3589 fidas!

145 3626 184 3692 In
200 3624 347 3691 Palatino
370 3626 454 3692 enim
470 3623 660 3691 conferendo
676 3644 748 3690 eum
767 3642 1003 3706 nonnumquam
1020 3623 1154 3708 turpiter
1169 3643 1293 3690 errasse
1405 3625 1411 3636 '

36 3814 40 3820 .
146 3727 316 3795 obseruari
323 3724 362 3809 ,¹)
390 3745 583 3808 quamquam
612 3726 770 3810 permulta
799 3747 817 3792 e
845 3727 1001 3809 scriptura
1030 3724 1181 3809 euauida,
1211 3744 1293 3807 quae

146 3835 276 3916 propter
298 3830 399 3894 multa
420 3826 608 3912 compendia
630 3829 738 3894 oculos
760 3827 885 3912 fatigat,
908 3828 1027 3913 optime
1050 3825 1260 3893 enucleauit.

234 3985 259 4044 1)
276 3979 309 4035 In
326 3978 464 4034 nonnullis
474 3977 598 4041 scholiis,
616 3992 685 4043 quae
697 3978 814 4046 politicis
826 3976 950 4031 uersibus
963 3976 1117 4043 conscripta
1129 3982 1201 4033 suut.
1220 3981 1293 4032 totos
1391 4043 1393 4050 .

146 4066 297 4148 uersiculos
314 4063 404 4120 omisit
421 4063 456 4118 cf.
474 4062 496 4132 I,
514 4066 586 4129 12³„
604 4061 652 4116 ubi
669 4062 736 4117 haec
754 4068 817 4131 post
834 4079 861 4115 u.
878 4061 915 4116 li.
934 4062 1032 4116 desunt
1052 4060 1137 4115 uerba
1153 4060 1182 4116 in
1200 4062 1294 4118 codice
