3142 4700
238 322 279 379 80
664 317 799 372 Ernestus
816 316 946 373 Schwabe

237 492 307 559 siue
329 490 503 576 Didymnm
526 488 737 557 certissimum
766 490 879 555 harum
904 489 1083 573 glossarum
1104 497 1266 557 auctorem
1288 487 1386 554 habe·

238 613 352 661 remus.
374 610 379 619 ’
395 594 511 676 Neque
533 601 639 660 tamen
661 592 743 659 haee
759 612 821 677 res,
843 612 938 675 quam
960 592 1072 658 Naber
1085 593 1178 677 proll.
1193 614 1224 677 p.
1240 595 1386 658 27.—3o.

237 695 474 764 demonstrasse
495 695 558 762 sibi
579 695 668 763 uisus
690 701 755 777 est,
777 700 845 759 tam
867 700 955 760 certa
971 700 1038 779 est,
1061 714 1156 778 quam
1170 695 1243 778 quis
1257 693 1387 761 credere

238 799 355 885 possit,
384 797 573 885 praesertim
602 816 673 863 cum
695 799 862 881 Boysenus
883 794 939 879 (de
960 796 1221 881 Harpocrationis
1247 798 1388 865 fontibus

237 922 268 985 p.
284 900 350 985 62.)
372 901 522 985 exempla
543 899 585 965 ab
607 900 663 966 illo
687 899 788 966 allata
808 898 891 965 bene
910 898 1056 965 refutarit
1070 904 1102 964 et
1116 895 1160 983 (p.
1176 898 1242 985 63.)
1264 906 1386 966 contra-

238 1002 318 1069 riam
340 1002 533 1071 sententiam
555 1000 682 1069 dixerit.
718 1000 798 1066 Mihi
819 1021 891 1067 cum
906 1000 1046 1086 Boyseni
1068 1001 1227 1066 sententia
1247 996 1387 1067 maxime

238 1103 394 1187 arrideat,
423 1126 494 1172 eam
523 1105 557 1171 in
584 1103 646 1170 hae
673 1103 859 1184 quaestione
887 1122 1012 1185 sequar.
1056 1103 1095 1169 ld
1121 1107 1230 1169 tamen
1251 1102 1388 1169 libenter

238 1206 395 1291 concedo,
416 1206 500 1274 hano
522 1204 757 1289 quaestionem,
779 1223 851 1270 cum
873 1208 920 1270 tot
941 1204 1048 1270 lexioa
1069 1203 1102 1269 in
1120 1203 1387 1272 bibliothecarum

238 1308 379 1377 tenebris
399 1309 523 1375 lateant
543 1305 750 1391 (Eudemum,
772 1307 855 1372 alios
878 1305 972 1391 dico),
993 1306 1036 1372 ad
1058 1313 1178 1372 oenum
1200 1305 1296 1373 finem
1317 1328 1387 1391 per·

238 1410 312 1479 duci
340 1433 403 1478 non
429 1429 534 1495 posse.
579 1409 709 1476 Scholia
737 1409 879 1494 singula,
908 1428 991 1491 quae
1013 1408 1213 1489 Goslingsius
1235 1410 1256 1473 l.
1272 1409 1293 1473 l.
1315 1429 1384 1492 pro·

239 1513 325 1597 tulit,
353 1518 466 1599 postea
494 1510 601 1577 omnia
624 1509 783 1578 exhibebo
806 1511 911 1594 capite
934 1515 1064 1593 quarto,
1094 1510 1212 1576 ubi‘de
1233 1509 1386 1577 atticista-

196 1652 200 1659 ι
238 1636 306 1682 rum
335 1613 449 1682 lexicis
476 1612 553 1678 mihi
582 1611 753 1679 dicendum
783 1612 858 1696 erit,
888 1618 1080 1696 quapropter
1107 1610 1208 1677 fusius
1233 1611 1387 1679 hocloco

239 1715 280 1783 de
301 1699 366 1784 illis
388 1734 484 1799 agere
505 1714 539 1781 in
560 1714 666 1781 animo
689 1736 753 1781 non
775 1719 833 1781 est.
870 1713 960 1780 Haec
981 1720 1055 1780 sunt
1072 1714 1096 1779 Ι.
1113 1717 1142 1780 6.
1162 1716 1292 1800 χρυσῶν
1313 1737 1386 1778 τετ-

237 1823 347 1904 τίγων.
375 1816 418 1883 ib.
441 1814 608 1903 κρωβύλος
631 1813 665 1881 ἐν
688 1813 788 1903 donec.
811 1818 835 1883 I.
852 1819 901 1880 56.
923 1809 1076 1902 ὁμήρους.
1099 1817 1124 1881 L
1143 1819 1212 1881 132.
1234 1814 1386 1885 παιδικά.

238 1920 277 1986 ΙΙ.
295 1922 345 1985 49.
367 1916 514 2004 καρδίαν.
536 1918 579 1985 ib.
602 1915 768 1993 πελιτνός.
797 1918 837 1989 Il.
855 1920 904 1981 62.
927 1921 1058 2004 κηπίον.
1086 1917 1127 1983 Π.
1144 1920 1194 1984 83.
1216 1916 1386 2003 πορθμόν.

237 2023 278 2088 11.
294 2024 345 2086 93.
369 2014 559 2107 ὑπηρέσιον.
582 2019 635 2085 Ν.
655 2024 701 2084 10.
725 2017 849 2105 botros.
872 2017 916 2084 ib.
939 2017 1065 2105 ῥαχίαν.
1087 2020 1142 2085 Ν.
1161 2024 1209 2085 12.
1231 2018 1387 2102 παρεξει-

239 2128 364 2211 ρεσίαν.
397 2121 450 2187 Ν.
464 2124 514 2188 48.
544 2117 592 2195 εἰς
621 2117 682 2195 τὰς
711 2117 852 2208 σφαγάς.
885 2120 938 2186 Ν.
956 2123 1007 2186 97.
1037 2115 1217 2204 ὃμωχέτας.
1252 2122 1320 2187 vll.
1336 2128 1386 2188 41.

239 2222 358 2291 ἔπειτα
387 2213 508 2298 αὐτοὺς
537 2221 572 2288 αἱ
600 2233 740 2308 κεραῖαι.
785 2222 858 2288 Non
886 2221 1028 2307 potuisse
1053 2223 1180 2290 omnino
1203 2223 1284 2290 haec
1306 2224 1385 2290 deri-

240 2327 308 2396 uari
331 2347 349 2396 e
369 2323 502 2411 Didymi
524 2323 637 2391 lexicis
664 2324 763 2391 nolim
784 2323 960 2391 affirmare:
988 2323 1023 2390 id
1049 2329 1173 2392 tantum
1196 2332 1305 2392 contra
1326 2326 1385 2392 Ba-

239 2438 331 2498 tauos
360 2427 515 2496 contendo
545 2427 682 2513 uestigia
708 2433 811 2512 certa,
841 2425 928 2508 'quae
958 2426 1001 2492 ad
1023 2429 1198 2515 Didymum
1228 2435 1388 2495 auctorem

238 2532 435 2618 pertineant,
463 2549 593 2615 prorsus
620 2528 744 2596 abesse.
787 2529 858 2595 Hoc
888 2527 929 2595 de
949 2530 1073 2598 ratione
1095 2531 1259 2616 Goslingsi
1287 2536 1321 2597 et
1349 2529 1390 2595 de

240 2632 396 2701 uniuersis
411 2630 568 2717 exemplis
584 2630 846 2698 dicendumerat.
876 2632 926 2698 De
941 2630 1074 2713 singulis
1088 2633 1173 2700 infra
1188 2630 1388 2718 exponam.¹)

242 2773 343 2781 -.ι-...κι-
351 2771 442 2780 ’.ι-

329 2807 424 2902 111161
441 2837 484 2889 est
501 2808 757 2901 difficillimsatone
775 2845 824 2896 ea,
843 2830 877 2887 de
897 2847 951 2902 qua
969 2832 1021 2886 uiri
1038 2832 1111 2887 docti
1129 2833 1302 2888 uehementer
1318 2832 1389 2886 inter
1497 2819 1500 2824 ’

241 2935 271 2974 se
288 2919 453 2990 discrepant.
489 2917 581 2973 Nuber
598 2932 654 2972 rem
671 2917 710 2971 ita
728 2916 779 2971 sibi
798 2916 952 2984 constituit,
970 2922 1002 2971 ut
1019 2918 1071 2973 hoc
1088 2919 1198 2974 schema
1215 2917 1330 2972 efficiat:

749 2999 881 3070 Didymus

735 3069 893 3189 Pamdhilus

749 3187 879 3294 Vesdinus

724 3309 908 3424 Dioge'nianus

648 3457 795 3529 Dionysius
831 3457 983 3513 Pausanias

532 3535 541 3554 ⁸
658 3560 772 3615 Prosus
807 3546 835 3614 tc
869 3559 965 3614 surra

242 3644 294 3700 Sed
309 3644 458 3714 Boysonus,
477 3642 523 3713 qui
540 3660 566 3712 p.
576 3647 617 3697 61.
635 3658 709 3710 enm,
727 3649 758 3699 ut
774 3643 840 3697 mihi
857 3642 964 3712 quidem
982 3642 1099 3710 uidetur,
1117 3645 1185 3699 hene
1203 3644 1309 3708 refellit,
1327 3660 1388 3700 cum

241 3729 390 3785 Schmidtio
413 3729 533 3797 (Quaest.
555 3726 672 3797 Hesych.
695 3745 723 3797 p.
737 3727 855 3794 CXXV.)
878 3728 1074 3797 Diogenianum
1096 3730 1187 3798 potius
1210 3728 1333 3784 hausisse
1356 3746 1389 3783 ex

242 3815 369 3870 atticistls
382 3816 565 3871 demonstrare
578 3812 672 3867 uoluit.
703 3812 779 3881 Quae
796 3812 887 3881 opinio
906 3820 1001 3868 contra
1015 3813 1118 3868 Naberi
1135 3815 1297 3869 sententiam
1314 3831 1347 3869 ea
1358 3830 1388 3869 re

242 3905 410 3955 sustentatur
417 3940 425 3968 ,
443 3897 515 3968 quod
528 3897 709 3952 atticistarum
720 3898 872 3966 fragmenta
878 3899 976 3954 multis
988 3898 1235 3968 antiquissimorum
1247 3904 1387 3955 auctorum

242 3983 400 4051 hsgmentis
414 3989 510 4039 ornata
521 3981 651 4047 uidemus,
663 3997 733 4050 quae
745 3981 819 4052 apud
830 3982 1026 4052 Diogenianum
1038 3981 1235 4038 desiderantur.
1258 3985 1389 4039 Fortasse

242 4071 332 4123 autem
349 4068 512 4124 Schmidtius
534 4073 608 4124 reete
632 4072 725 4124 censet
745 4068 861 4138 (Didym.
879 4086 906 4139 p.
918 4072 971 4133 83.)
995 4073 1024 4123 et
1045 4068 1180 4124 atticistas
1199 4072 1227 4123 et
1243 4069 1388 4138 Diogenis-
