3142 4700
369 355 545 440 quaestiones
563 357 596 411 de
615 357 778 415 scholiorum
796 356 1031 427 Thucydideornm
1047 358 1177 414 fontibus.
1292 359 1351 415 115

293 527 735 613 666661666166616.
759 527 984 615 παριιογος
1006 529 1161 596 assarna
1180 527 1254 611 (nai
1269 501 1354 611 quic

208 630 277 715 ipse
299 616 397 696 unum
419 630 546 715 Aelium
567 631 757 716 Dionysium
779 617 939 698 auctorem
963 651 1032 698 esse
1054 630 1147 715 dicit,
1170 650 1234 713 qua
1257 632 1296 697 de
1318 646 1372 698 re'

206 732 244 798 cf.
261 754 292 817 p.
305 734 371 816 97.)
395 739 541 799 auctores
563 733 661 799 fuisse
679 736 798 817 optime
813 732 1014 815 Goslingsius
1029 753 1060 816 p.
1073 737 1124 797 41.
1147 734 1353 818 demonstrat,

206 840 240 899 nt
262 836 330 901 eius
352 841 541 918 argumenta
562 841 706 918 repetere
727 835 840 900 inutile
862 835 911 901 sit.
956 835 1058 902 Locos
1086 843 1208 902 tantum
1231 836 1273 900 ab
1295 836 1352 902 illo

204 956 270 1001 nou
292 936 454 1002 adhibitos
476 937 573 1002 uelim
588 937 706 1002 addas:
729 936 819 1003 Suid.
834 956 859 1002 6.
875 958 915 1021 6.,
931 937 1044 1003 Thom.
1059 938 1143 1022 Mag.
1159 959 1190 1020 p.
1206 940 1353 1022 303,1o.,
1446 993 1448 995 .

116 1066 121 1076 ·
206 1038 306 1103 schol.
330 1039 405 1103 Luc.
427 1060 458 1124 p.
474 1043 553 1120 134,
576 1037 639 1104 lex.
662 1038 798 1104 Vindob.
821 1061 851 1125 p.
867 1042 998 1120 141,17.

289 1142 340 1206 Ι)6
361 1161 441 1207 6666
463 1137 628 1233 παιδικά
649 1141 713 1206 iam
732 1141 843 1207 Naber
857 1142 981 1223 Proleg.
997 1152 1030 1225 p:
1041 1145 1091 1206 66.
1114 1141 1275 1225 disseruit,
1298 1140 1353 1223 qui

204 1241 281 1324 quia
309 1243 456 1309 conuenit
485 1241 628 1308 scholion
657 1241 699 1305 ad
721 1242 882 1328 Aristoph.
906 1244 1111 1326 1166661026.
1139 1242 1351 1327 (6661021),

203 1343 299 1410 Photi
321 1345 461 1428 glossam
477 1363 501 1410 s.
516 1364 546 1410 6.
569 1343 802 1427 adDidymum
824 1348 953 1414 rettulit.
997 1346 1146 1411 Attamen
1169 1365 1241 1411 cnm
1263 1346 1351 1412 scho-

201 1446 268 1514 lion
297 1446 397 1513 Thnc.
410 1448 434 1512 I.
450 1449 535 1512 132:
564 1442 718 1531 παιδικά]
740 1442 777 1509 τὸ
802 1442 944 1510 παιδικὰ
972 1439 1149 1526 ὀξυτόνως,
1181 1439 1353 1534 οὐδέτερον

202 1547 439 1637 πληθνντικόν.
461 1551 559 1615 τοῦτο
583 1547 619 1612 δέ
640 1570 727 1624 τινες
750 1539 806 1611 ἐντ’
833 1538 965 1632 6166θαῦ
981 1545 1117 1634 ἐ’ρωτας,
1141 1548 1228 1624 τινὲς
1243 1548 1279 1613 δὲ
1294 1546 1353 1614 ἐντὶ

204 1649 343 1739 αἰσχροῦ
365 1649 590 1734 λαμβάνουσιν
605 1669 677 1715 cum
699 1647 820 1714 scholio
836 1649 1070 1732 Aristophaneo
1089 1658 1250 1735 congruat,
1273 1651 1353 1717 (166-

203 1752 337 1834 lingsius
359 1775 390 1838 p.
406 1758 453 1818 17.
477 1755 574 1819 etiam
600 1751 662 1816 hoc
683 1751 726 1816 ad
748 1750 924 1834 Didymum
946 1749 1063 1816 referre
1085 1751 1195 1818 uoluit.
1239 1751 1352 1836 Neque

204 1862 312 1922 tamen
335 1855 505 1940 quicquam
527 1853 661 1920 161111166
684 1858 742 1919 661.
783 1851 1049 1934 Quandoquidem
1071 1853 1181 1936 glossa
1195 1853 1352 1920 Photiana

203 1979 244 2024 ne
266 1979 329 2024 uno
352 1957 602 2039 quidemuerbo
626 1955 773 2022 conuenit
795 1974 866 2020 cum
889 1955 1025 2036 scholio,
1056 1955 1228 2036 quodiam
1250 1957 1353 2023 obiter

204 2061 294 2126 illam
317 2058 497 2142 inspicienti
519 2058 719 2143 perspicuum
744 2058 820 2139 erit,
848 2056 889 2122 de
918 2057 1048 2124 scholiis
1070 2059 1164 2124 aliter
1186 2078 1351 2141 argumen-

203 2162 338 2229 tandum
361 2169 417 2230 est.
462 2159 584 2239 Quodsi
604 2160 729 2245 Naber,
758 2160 834 2244 quia
860 2159 1055 2224 simillimum
1078 2165 1127 2227 est
1145 2160 1289 2226 scholion
1311 2160 1353 2226 ad

204 2265 285 2330 Plat.
309 2265 454 2330 Parmen.
476 2284 508 2347 p.
524 2266 592 2327 127.
604 2263 641 2345 B,
664 2263 772 2328 statim
795 2261 836 2327 de
857 2261 981 2328 Boetho
1004 2261 1170 2343 cogitauit,
1194 2260 1352 2345 equidem,

204 2387 275 2432 cum
297 2373 427 2450 propter
442 2370 699 2448 argumentorum
713 2365 879 2447 penuriam
895 2362 1026 2429 eredere
1040 2383 1103 2429 non
1118 2364 1237 2446 possim
1254 2363 1352 2429 fuisse

129 2515 133 2523 .
203 2468 360 2535 Boethum
384 2467 589 2550 praecipuum
613 2465 804 2531 scholiorum
826 2465 1062 2530 Platonicorum
1084 2471 1259 2549 auctorem,
1288 2471 1350 2531 sta·

203 2570 260 2635 tim
283 2568 325 2632 ad
349 2566 506 2633 atticistas
520 2567 659 2651 refugio,
683 2585 762 2648 quos
784 2566 971 2651 saepissime
986 2567 1018 2631 in
1034 2566 1163 2631 scholiis
1178 2567 1352 2634 Platonicis

203 2670 369 2736 adhibitos
391 2669 490 2735 161666
506 2676 626 2734 certum
641 2672 698 2734 est.
732 2667 889 2733 Conuenit
909 2675 1076 2753 praeterea
1089 2668 1251 2736 Eudemus
1265 2669 1352 2754 apud

203 2772 342 2856 Boysen.
358 2792 390 2856 p.
406 2776 474 2837 loo.
490 2778 522 2838 et
538 2769 626 2836 aliud
641 2769 768 2835 lexicon
784 2770 975 2837 rhetoricum
991 2770 1078 2855 apud
1093 2770 1229 2837 eundem
1244 2791 1275 2855 p.
1287 2775 1352 2836 at:

205 2870 361 2939 παιδικὰ·
385 2870 445 2937 ἐπὶ
465 2872 614 2958 θηλειῶν
628 2872 682 2935 καὶ
700 2863 846 2958 ἀρρένων
864 2869 1036 2960 ἐρωμένων
1050 2866 1239 2956 66166666ιὴ
1256 2869 1352 2951 λέξις,
1414 2856 1422 2870 ⁸

203 2971 249 3053 ὥς
271 2974 344 3041 ἔστι
364 2971 452 3058 μετόι4
470 2976 575 3039 ταῦτα
598 2974 737 3040 λεκτέον.

287 3079 404 3145 Vocem
427 3074 731 3162 παρεξειρεσίαν
753 3081 863 3142 auctor
877 3075 970 3142 Photi
992 3076 1025 3141 in
1047 3076 1131 3142 huno
1153 3076 1281 3143 modum
1297 3097 1351 3143 ex-

201 3180 348 3266 plioauit:
369 3176 407 3244 τὸ
432 3175 494 3254 ἐ’ξω
516 3180 583 3243 τῶν
599 3174 802 3264 ἐρεσσόντων
818 3175 852 3242 ἓν
868 3177 896 3242 δ’
917 3177 1129 3269 Θανκυόρὄς,
1146 3198 1229 3261 quae
1243 3179 1352 3259 glossa

202 3282 246 3349 ad
274 3284 375 3348 Thuo.
390 3280 443 3345 IV.
458 3284 506 3345 12.
536 3279 704 3346 referenda
732 3285 798 3362 est,
828 3280 882 3344 nbi
913 3280 973 3346 hoo
1002 3281 1157 3346 habemus
1181 3280 1351 3347 scholion:

203 3381 439 3469 παρεξειρεσία
462 3378 551 3445 ἐστὶν
574 3374 591 3445 ὃ
615 3378 677 3457 ἔξω
700 3383 758 3467 τῆς
780 3379 926 3467 εἰρεσίας
946 3385 1004 3467 τῆς
1027 3379 1108 3458 νεώς
1122 3380 1243 3461 τόπος,
1266 3375 1348 3447 καθ’

201 3484 337 3572 ὂμέρας
359 3476 467 3549 οὐκέτι
489 3480 620 3558 κώπαις
640 3485 822 3570 κέχρηνται.
853 3480 924 3547 ἐστὶ
946 3482 982 3547 δὲ
1003 3479 1154 3548 ταῦτατὸ
1171 3476 1352 3569 ἀκρότατον

202 3591 262 3675 τῆς
290 3585 442 3674 πρύμνης
469 3586 524 3650 καὶ
555 3587 614 3671 τῆς
642 3582 790 3672 πρῴρας.
834 3583 982 3650 Dubitari
1011 3590 1132 3668 potest,
1162 3607 1239 3652 num
1261 3574 1350 3652 scho-

202 3691 300 3756 liasta
322 3710 393 3756 cum
409 3687 523 3754 Photio
539 3687 723 3772 conspirans
739 3709 757 3754 6
771 3687 887 3771 glossis
907 3685 1205 3773 lexicographorum
1221 3688 1352 3753 alterius
1423 3741 1427 3750 .

202 3797 276 3876 post
292 3790 364 3857 Chr.
381 3812 411 3856 n.
434 3790 553 3854 saeculi
576 3809 635 3856 sua
655 3790 806 3856 hauserit.
849 3788 962 3854 Mirum
985 3790 1068 3854 enim
1092 3795 1149 3871 est,
1173 3788 1258 3869 quod
1281 3788 1351 3852 Sui-

203 3894 278 3978 das,
309 3894 364 3975 qui
386 3898 484 3958 totam
507 3892 647 3973 glossam
670 3911 688 3955 e
710 3891 803 3957 Photi
825 3890 1006 3958 auctoribus
1036 3890 1218 3974 exscripsit,
1248 3891 1353 3956 locum

203 3995 364 4079 quendam
380 3993 507 4059 Arriani
529 3992 615 4059 citat.
652 3992 689 4059 Si
711 3992 827 4059 Suidas
849 3994 934 4060 hunc
954 3994 1060 4058 locum
1082 4012 1123 4057 ex
1145 3998 1275 4059 anctore
1295 4012 1353 4059 suo

202 4095 427 4181 transscripsit,
450 4093 580 4160 minime
603 4079 775 4161 uerisimile
797 4094 937 4177 uidetur,
961 4100 1119 4159 auctorem
1141 4092 1231 4158 illum
1255 4094 1353 4160 161666

1111 4195 1148 4245 6*
1301 4211 1305 4220 ·
