3142 4700
386 309 563 376 Quaestiones
581 308 614 362 de
631 307 795 363 scholiorum
814 306 1049 376 Thucydideorum
1067 308 1195 364 fontibus.
1230 272 1235 284 ’
1332 307 1370 365 77

377 476 414 557 ἐξ
433 473 638 568 Ἀντιφήμου
662 470 694 543 δ’
720 463 762 542 οὗ
783 477 926 563 γέλωτάς
947 503 999 556 τις
1020 462 1118 565 λέγει.

376 573 514 669 χρησμῷ
535 576 659 665 μαθών
680 577 742 666 γάρ
766 575 812 655 uic
833 579 934 646 πόλιν
956 582 1069 664 μέλλει
1085 586 1202 655 ,κτίσαι

377 684 457 771 γελᾷ
480 681 621 770 δοκήσας
642 685 709 747 ταῖν
731 675 1052 764 άνελτιίστωντάὸε,

379 787 494 873 κλῆσιν
517 776 600 850 ὅθεν
622 788 754 857 τέθεικε
775 788 816 871 τῇ
839 783 938 852 πόλει
961 785 1076 850 Γέλαν.

311 922 398 1001 Quos
421 942 533 988 uersus
553 921 587 987 in
617 920 727 988 codice
749 921 955 988 uehementer
983 928 1147 1004 corruptos
1169 919 1319 1004 equidem
1341 921 1374 984 in

226 1023 384 1108 integrum
412 1023 588 1092 restituisse
611 1023 690 1088 mihi
717 1021 838 1090 uideor.
882 1024 1052 1090 Perluoent
1079 1022 1176 1113 igitur
1204 1043 1222 1088 e
1251 1022 1375 1089 miseris

192 1193 200 1209 x
226 1127 364 1212 Tzetzae
386 1125 512 1215 laciniis
534 1126 714 1209 fragmenta
736 1125 876 1207 optimae
899 1124 1063 1190 doctrinae
1082 1143 1294 1209 magnamque
1310 1145 1375 1191 mo·

228 1234 302 1292 nent
317 1228 539 1313 suspicionem,
562 1227 653 1292 illum
669 1226 907 1293 adnotationem
924 1224 1086 1306 quandam
1101 1247 1119 1291 e
1134 1226 1273 1311 priorum
1289 1227 1376 1291 uasis

226 1329 445 1397 transfudisse.
483 1328 524 1393 Et
546 1348 660 1394 reuera
681 1349 731 1394 res
753 1329 801 1393 ita
821 1348 856 1394 se
878 1328 986 1394 habet.
1024 1329 1177 1410 Legimus
1189 1327 1274 1394 enim
1289 1327 1376 1411 apud

226 1429 423 1514 Stephanum
441 1431 630 1516 Byzantium
651 1451 724 1515 pag.
741 1432 814 1494 200.
833 1431 883 1497 ed.
898 1429 993 1495 Mein.
1032 1429 1136 1492 Γέλα·
1160 1427 1260 1505 πόλις
1282 1434 1376 1493 Σικε-

226 1531 310 1607 λίας.
334 1527 353 1618 ἡ
376 1530 484 1620 γενικη
510 1538 539 1596 Γ
537 1533 623 1607 έλας.
654 1529 690 1597 τὸ
716 1531 752 1596 δὲ
776 1532 880 1619 Γέλης
903 1529 1044 1601 ἰιονικάν.
1074 1531 1224 1596 καλεῖται
1247 1523 1279 1594 δ’
1306 1523 1375 1596 άττὸ

225 1636 382 1717 ποταμοῦ
398 1635 494 1716 Γέλα,
517 1629 534 1699 ὁ
552 1633 588 1699 δὲ
603 1631 757 1717 ποταμὸς
772 1625 825 1698 ὅτι
841 1630 968 1719 πολλὴν
984 1630 1112 1720 πάχνην
1126 1635 1232 1718 γεννᾷ.
1256 1630 1377 1718 ταύτην

225 1733 287 1820 γάρ
308 1729 513 1822 τῇὈττικιῦν
535 1739 630 1823 φωνῇ
652 1737 707 1801 καὶ
723 1735 868 1800 Σικελῶν
888 1733 987 1820 γέλαν
1003 1734 1172 1819 λέγεσθαι.
1210 1731 1378 1819 Πρόξενος

227 1829 258 1900 d'
286 1835 320 1902 έν
342 1836 458 1924 πρώτῃ
481 1841 548 1903 τῶν
573 1840 653 1924 περὶ
681 1837 797 1924 πόρων
819 1837 996 1901 Σικελικῶν
1020 1837 1076 1901 καὶ
1094 1830 1279 1912 Ἑλλάνικος
1308 1828 1375 1900 dno

157 1970 161 1989 ·
228 1939 377 2016 Γέλωνος
399 1941 459 2005 τοῦ
473 1938 604 2031 Αἴτνης
625 1941 681 2005 καὶ
696 1935 847 2024 Ὑμάρου.
884 1932 1129 2025 Ἀρισταίνετος
1152 1930 1184 2001 d'
1204 1934 1238 2003 ἓν
1260 1935 1376 2024 πρώτῃ

225 2044 292 2106 τιον
324 2042 404 2126 περὶ
435 2040 627 2129 Φασήλιδα,
667 2033 721 2106 ὅτι
752 2045 886 2132 Λυκίας
919 2042 975 2105 καὶ
1003 2033 1207 2127 Ἀντίφημος
1237 2031 1378 2127 άδελφοὶ

227 2134 383 2220 ἐλθόντες
411 2141 459 2219 εἰς
483 2141 639 2231 Δελφοὺς
666 2140 937 2226 μαντεύσασθαι,
967 2139 1026 2229 την
1056 2141 1091 2206 δὲ
1114 2144 1253 2206 Πυθίαν
1283 2134 1378 2207 οὐδὲν

226 2247 306 2331 περὶ
335 2243 466 2311 ἐκείνων
497 2245 655 2331 λέγουσαν
683 2242 905 2330 προςτάσσειν
928 2242 985 2308 τὸν
1002 2241 1142 2308 Λάκιον
1169 2240 1255 2329 πρὸς
1283 2238 1378 2329 ἡλίου

230 2341 394 2425 άνατολάς
416 2350 528 2429 ντλεῖν,
556 2352 615 2414 τοῦ
644 2340 676 2412 δ’
702 2339 908 2434 Ἀντιφήμου
935 2344 1137 2432 γελάσαντος
1158 2341 1216 2431 τὴν
1239 2348 1379 2410 Πυθίαν
1452 2345 1455 2352 ’

231 2448 339 2514 εἰντεῖν
361 2448 465 2515 πάλιν
479 2447 558 2538 ,ἐφ’
576 2445 672 2534 ἡλίου
693 2449 849 2532 δυσμῶνίί
863 2450 918 2513 καὶ
934 2453 964 2511 Γ
962 2439 1155 2512 έλανττόλιν
1171 2443 1296 2512 οἰκίσαι
1310 2448 1378 2512 κτλ.

231 2550 314 2616 Hinc
335 2551 431 2634 igitur
452 2553 601 2617 Tzetzem
624 2573 682 2617 sua
704 2550 867 2617 deriuasse
890 2557 1009 2616 eertum
1038 2556 1137 2632 esset,
1167 2548 1230 2614 nisi
1251 2553 1380 2632 nomina

230 2652 441 2737 Epaphroditi
463 2660 495 2719 et
517 2654 717 2738 Theopompi
745 2653 918 2719 obstarent.
962 2650 1270 2737 Epaphroditus
1298 2672 1379 2718 unus

231 2755 324 2821 nobis
338 2762 431 2821 notus
447 2761 510 2840 est,
529 2754 775 2840 lexicographus
791 2762 824 2820 et
839 2754 1252 2838 commentatorepicorum.
1289 2754 1333 2818 At
1346 2752 1380 2819 in

230 2856 417 2941 fragmentis
432 2878 454 2924 a
467 2858 665 2924 Luentznero
688 2856 831 2923 collectis
843 2856 867 2938 ¹)
890 2876 949 2922 neo
963 2856 1063 2921 ullum
1080 2859 1185 2922 exstat
1199 2854 1379 2939 uestigium,

231 2958 316 3025 unde
339 2959 446 3042 colligi
473 2959 576 3043 possit
603 2958 844 3043 grammaticum
871 2958 963 3023 illum
984 2977 1113 3042 operam
1135 2957 1169 3022 in
1191 2956 1381 3041 Thucydide

231 3060 392 3145 posuisse,
414 3081 518 3143 neque
541 3061 669 3128 omnino
699 3060 872 3128 uerisimile
895 3066 944 3125 est
969 3081 1042 3127 eum
1065 3060 1325 3125 commentarium
1347 3060 1381 3125 in

232 3161 455 3246 Thucydidem
485 3164 667 3231 confecisse.
711 3166 884 3229 Praeterea
912 3161 1114 3246 Theopompi
1144 3161 1263 3244 mentio
1295 3162 1381 3226 facta

233 3269 302 3347 est,¹
321 3264 376 3346 qui
397 3264 484 3348 apud
506 3264 704 3350 Stephanum
730 3285 793 3331 non
816 3270 1089 3330 commemoratur.
1133 3263 1197 3328 Res
1218 3260 1315 3345 igitur
1335 3263 1382 3327 ita

234 3370 283 3431 est
305 3369 508 3451 comparata,
531 3371 565 3429 ut
587 3370 620 3431 et
636 3365 833 3448 Stephanum
848 3365 1036 3450 Byzantium
1053 3368 1085 3428 et
1099 3364 1248 3428 Tzetzem
1263 3383 1281 3429 c
1298 3383 1380 3429 oom-

234 3466 321 3532 muni
335 3469 421 3532 fonte
437 3466 582 3532 hausisse
597 3465 782 3531 iudicemus.
815 3466 928 3532 Utrum
944 3465 1126 3550 Stephanus
1140 3464 1284 3548 pleniora
1295 3465 1381 3530 Thu-

234 3567 359 3652 cydidis
381 3567 504 3634 scholia
525 3567 689 3652 habuerit,
713 3587 755 3633 an
769 3568 903 3633 Tuetzes
924 3566 1100 3651 pleniorem
1117 3565 1272 3650 Stephani
1295 3565 1380 3633 codi-

234 3689 301 3735 cem
325 3669 515 3753 expilauerit
536 3666 674 3753 (constat
695 3676 805 3736 autem
826 3676 956 3754 propter
980 3689 1072 3763 usum
1094 3669 1382 3750 frequentissimum

305 3975 329 4038 1)
347 3965 381 4027 Εζ
393 3973 545 4033 Ltlntzner,
563 3970 743 4039 Epaphroditi
760 3963 930 4039 grammatici
947 3986 1017 4038 quae
1029 3975 1184 4038 supersunt.
1211 3970 1282 4025 Dias.
1296 3971 1381 4024 Boon.

233 4075 259 4113 a
279 4062 353 4112 1863.
