3142 4700
325 313 502 382 quaestiones
520 311 554 367 de
571 311 735 367 scholiorum
754 310 990 382 Thucydideornm
1007 313 1136 374 fontibus.
1254 320 1314 383 101

160 491 237 574 ρίας
259 478 277 550 ὁ
301 475 387 550 οὕτω
409 480 607 569 κειρόμενος.
631 479 665 547 ἓν
683 485 754 569 χρη]
776 484 1018 569 παραπλεῦσαι
1039 484 1099 561 τὰς
1121 491 1201 566 ναῦς
1218 490 1314 577 παρὰ

162 583 347 672 Θουκυδίδῃ
363 583 417 666 (Π,
430 583 495 667 84.)
516 583 572 648 καί
594 583 700 660 πλοῦς
715 578 732 650 ὃ
749 581 842 669 ἐγγὺς
859 587 919 672 γης
933 588 1001 652 κτλ.
1034 587 1141 656 Schol.
1157 591 1257 659 Thus.
1273 597 1314 662 II.

161 692 229 755 84:
263 684 297 753 ἐν
316 683 397 772 χρηί]
422 677 496 751 ἀντὶ
517 687 576 750 τοῦ
598 686 760 774 πλησίον·
788 683 860 752 ἐστὶ
883 687 919 753 δὲ
940 680 1111 780 ἇποκοπή.
1134 676 1173 778 ἢν
1193 690 1256 781 γὰρ
1280 692 1320 762 ἒν

157 793 273 876 χρωτί.
294 787 424 876 ε’ίρηται
440 786 476 852 δὲ
492 779 559 852 ἀπὸ
575 790 770 875 μεταφορᾶς
784 792 843 877 τῆς
857 793 977 876 κουρᾶς
991 793 1050 879 τῆς
1066 785 1141 879 ἄχρι
1154 796 1214 859 τοῦ
1226 819 1313 881 χρω-
1393 850 1398 858 .

159 889 218 968 τὸς
239 892 441 977 κειρομένης.
478 887 532 953 Ad
552 888 671 955 similia
691 890 788 973 igitur
809 898 906 975 atque
928 913 968 961 ea
989 899 1078 976 sunt,
1101 913 1184 978 quae
1201 897 1313 966 Aelius

159 992 337 1078 Dionysius
358 991 466 1074 habet,
489 990 550 1058 hoe
571 989 717 1058 scholion
731 994 877 1078 respicit,
900 1015 972 1062 cum
986 996 1045 1081 της
1061 991 1095 1061 ἓν
1107 999 1178 1082 χρῷ
1192 1003 1313 1086 κουρᾶς

161 1093 355 1161 mentionem
383 1092 482 1159 iaciat
509 1088 610 1175 (quod
632 1092 768 1178 Dionysi
795 1095 913 1161 lemma
938 1096 1065 1163 uidetur
1094 1096 1221 1183 luisse),
1252 1102 1313 1168 etsi

159 1198 232 1263 loeo
254 1193 465 1278 Thucydideo
494 1192 535 1261 de
561 1193 621 1259 illa
643 1196 769 1262 omnino
799 1197 934 1280 cogitari
958 1216 1021 1263 non
1043 1204 1159 1282 potest.
1203 1201 1313 1284 Atque

160 1298 248 1365 idem
270 1296 446 1381 Dionysius
468 1315 540 1362 eum
559 1295 758 1378 Thucydidis
780 1297 886 1364 locum
909 1297 1035 1383 citauit,
1058 1299 1146 1365 ouius
1168 1302 1313 1371 scholion

60 1432 64 1437 ⁴
160 1399 227 1465 iam
256 1399 445 1464 rettulimus.
490 1396 672 1464 Scholiasta
701 1397 798 1483 igitur
825 1399 919 1466 Aelio
948 1399 1106 1484 Dionysio
1138 1421 1215 1468 usus
1247 1412 1312 1488 est,

160 1519 267 1580 neque
290 1505 396 1565 tamen
419 1498 547 1566 omnino
577 1500 763 1583 exscripsit,
793 1500 851 1566 sed
873 1519 912 1565 ea
934 1507 1058 1567 tantum
1079 1502 1199 1585 attulit,
1228 1524 1312 1587 quae

159 1601 204 1666 ad
232 1599 459 1683 explicandum
480 1599 702 1684 Thucydidem
732 1602 762 1668 ei
792 1602 974 1668 necessaria
1002 1621 1074 1668 esse
1102 1601 1312 1690 uidebantur;

160 1701 306 1769 scholion
329 1707 361 1767 et
375 1721 397 1765 a
411 1700 512 1768 Suida
527 1722 551 1767 s.
567 1722 597 1767 u.
621 1699 655 1766 ἒν
674 1706 742 1787 χρῷ
756 1709 788 1770 et
802 1724 823 1769 a
837 1704 963 1777 Thema
977 1703 1130 1786 Magistro
1152 1727 1183 1789 p.
1198 1708 1268 1790 138,
1284 1711 1311 1772 1.

160 1803 293 1870 Bitschl.
318 1802 557 1888 transscriptum
581 1809 637 1870 est.

247 1904 393 1972 Eustath.
408 1927 439 1990 p.
452 1907 523 1988 907,
537 1909 587 1969 40.
611 1903 829 1989 (Rindfieisch.
845 1907 881 1971 tr.
895 1907 977 1991 252,
1000 1904 1173 1972 Schwartz.
1186 1926 1217 1991 p.
1231 1905 1295 1991 79.)
1303 1934 1315 1978 :1

158 2009 305 2093 κῆπος·
329 2000 367 2073 οὗ
389 2005 492 2091 μόνον
514 2004 661 2094 φυταλιὰ
685 1999 770 2073 ἄλλα
792 2008 848 2072 καί
862 1996 1102 2089 καλλωπισμὸς
1115 2004 1220 2094 κόμης
1233 2001 1308 2074 κατ’

158 2107 287 2175 Αίλιον
301 2107 483 2175 Διονύσιον
497 2110 553 2174 καὶ
566 2111 687 2195 κουρᾶς
709 2106 866 2187 διάθεσις
886 2111 953 2173 τῶν
976 2105 1010 2173 ἓν
1031 2108 1159 2196 κεφαλῇ
1180 2112 1311 2195 τριχῶν.

162 2209 367 2297 Θονκυδίδης
389 2209 425 2276 δὲ
447 2215 568 2298 κηπίον
590 2215 690 2299 φησί,
713 2212 854 2293 κωμικοὶ
876 2209 912 2275 δὲ
930 2210 998 2275 κτλ.
1035 2210 1179 2294 Respicit
1200 2211 1312 2279 Aelius
1427 2240 1429 2244 ³

158 2310 334 2397 Dionysius
352 2312 395 2380 ad
409 2312 510 2380 Thuo.
522 2312 562 2380 11.
576 2316 637 2397 62,
659 2313 715 2380 ubi
736 2314 798 2380 hoc
818 2312 975 2380 habemus
997 2311 1155 2379 scholion:
1178 2315 1311 2398 κηπίον]

156 2412 248 2491 τινὲς
276 2417 398 2500 κηπίον
427 2408 503 2500 ἢτοι
523 2412 652 2501 γήδιον,
682 2409 779 2479 ἄλλοι
808 2413 844 2478 δὲ
865 2410 902 2476 τὸ
932 2417 1053 2498 κηπίον
1082 2407 1171 2487 εἶδος
1190 2415 1312 2499 κουρᾶς
1370 2426 1372 2437 “

156 2536 281 2605 φασιν,
312 2506 417 2589 οὕτως
444 2507 698 2597 ὀνομαζόμενον.
731 2511 815 2579 κατὰ
836 2515 949 2580 κοινοῦ
971 2513 1007 2586 δὲ
1028 2510 1065 2578 τὸ
1090 2511 1186 2590 εἰκός.
1231 2515 1311 2582 θνα]

155 2621 232 2685 loco
255 2614 465 2700 Thucydideo
486 2614 602 2702 γήδιον
630 2615 849 2701 interpretatio
871 2616 942 2682 sola
969 2620 1058 2682 recta
1078 2616 1121 2682 sit
1141 2635 1247 2698 neque
1269 2615 1311 2684 de

159 2729 312 2786 tonsurae
333 2736 450 2799 genere
466 2718 594 2784 omnino
616 2716 717 2801 possit
732 2717 876 2801 cogitari,
893 2716 974 2785 haec
988 2717 1124 2803 Dionysi
1138 2717 1310 2801 explicatio

158 2821 244 2888 falsa
265 2825 323 2886 est.
369 2817 405 2884 Si
425 2838 501 2886 uero
530 2817 617 2886 idem
646 2837 733 2884 error
754 2817 843 2903 apud
872 2818 953 2886 duos
975 2824 1121 2885 auctores
1142 2817 1311 2905 inuenitur,

159 2920 240 3003 quid
261 2920 475 3006 probabilius,
497 2941 594 3003 quam
616 2921 752 2986 alterum
773 2919 816 2985 ab
838 2921 940 2987 altero
961 2916 1127 3004 pendere?
1165 2920 1311 2988 Alterum

158 3022 257 3103 igitur
285 3022 429 3089 scholion
456 3022 500 3089 ad
521 3023 595 3088 Aeli
618 3021 754 3105 Dionysi
783 3014 933 3104 ὀνόματα
955 3013 1071 3087 ἂττικά
1100 3022 1217 3090 referre
1246 3043 1312 3090 non

160 3122 283 3190 dubito.
305 3187 308 3192 A
328 3123 542 3191 Schwartzius
569 3123 612 3189 ab
640 3122 808 3192 Eustathic
831 3124 968 3207 Dionysi
995 3123 1095 3190 uerba
1122 3124 1312 3190 conturbata

160 3244 235 3293 esse
257 3224 429 3292 existimat.
474 3223 539 3291 Sed
569 3244 640 3290 cum
667 3224 724 3290 ille
753 3229 820 3291 tam
842 3223 982 3291 dilucide
1003 3224 1044 3290 de
1067 3224 1117 3290 his
1139 3223 1233 3289 rebus
1255 3242 1311 3288 ex·

160 3333 275 3413 ponat,
305 3325 415 3411 quidni
444 3326 551 3409 potius
572 3326 684 3392 Aelius
711 3324 887 3407 Dionysius
915 3324 1090 3391 errauerit?
1123 3323 1311 3406 praesertim

161 3448 236 3495 cum
258 3434 290 3495 et
310 3428 401 3518 illum
424 3448 442 3495 e
463 3426 605 3494 fontibus
626 3424 858 3510 antiquioribus
880 3423 1026 3491 hausisse
1047 3421 1201 3506 sciamus,
1231 3443 1310 3506 quos
1445 3473 1448 3479 -

161 3531 251 3614 ipsos
281 3547 409 3611 quoque
438 3527 663 3612 nonnunquam
693 3526 866 3593 lutulentos
894 3522 1025 3593 fluxisse
1052 3524 1163 3591 Naber
1190 3526 1311 3611 optime

161 3629 403 3697 demonstrauit.
441 3629 491 3695 De
513 3629 575 3697 hoc
589 3630 746 3697 uocabulo
760 3629 827 3694 iam
840 3625 1086 3695 Eratosthenem
1100 3626 1205 3711 egisse
1219 3626 1311 3692 testis

161 3738 214 3801 est
234 3732 407 3799 scholiasta
422 3731 465 3797 ad
479 3732 587 3816 Durip.
604 3730 721 3797 Troad.
746 3750 774 3796 u.
791 3732 882 3795 1162.
918 3727 1044 3794 Similia
1066 3727 1107 3795 de
1122 3729 1178 3794 illo
1192 3744 1311 3808 genere

161 3845 314 3902 tonsurae
336 3832 430 3900 affert
451 3831 595 3898 scholion
617 3830 660 3896 ad
674 3830 836 3915 Aristoph.
854 3831 914 3896 Au.
938 3851 967 3897 n.
980 3833 1061 3914 806,
1084 3826 1171 3910 quod
1193 3823 1311 3893 Suidas

160 3956 189 4003 s.
204 3955 235 4002 u.
250 3936 357 4022 κῆπος
373 3932 549 4018 exscripsit.
586 3931 786 4014 Gostingsius
801 3952 831 4016 p.
843 3936 893 3998 20.
916 3931 977 3999 hcc
991 3927 1136 3996 scholion
1149 3924 1309 4010 adipsum

162 4035 342 4121 Didymum
363 4032 564 4102 referendum
587 4051 658 4100 esse
679 4035 785 4116 putat,
815 4031 891 4113 quia
911 4028 1093 4112 Hesychius
1114 4047 1139 4096 s.
1154 4047 1184 4095 u.
1205 4027 1311 4112 κῆπος
