3142 4700
247 290 308 351 138
674 291 809 348 Emortus
825 291 956 349 Schwabe

246 457 499 551 ἆντιδιαστολὴν
520 465 580 553 τῆς
600 438 776 552 θαλάσσης
782 515 792 546 ,
821 459 841 553 ἦ
863 457 961 532 Ἀσία
982 455 1057 530 κατ’
1083 461 1196 552 ἐξοχὴν
1218 466 1275 530 καὶ
1295 469 1396 555 μέρος

245 593 278 636 τι
305 569 445 656 τῆς
475 567 701 655 Κεφαληνίαν.
744 567 798 635 Ad
825 567 969 637 scholion
998 565 1217 651 corrigendum
1244 567 1395 652 illiusque

238 674 407 763 ‚aucwrcm
428 668 645 752 indagandum
667 670 785 738 frustra
799 691 821 737 a
834 669 938 756 Photi,
961 668 1091 755 suidas,
1113 669 1297 754 Etymologi
1313 670 1392 739 lexi-

216 794 219 801 ·
245 773 291 840 cis
321 760 475 838 auxilium
502 777 603 858 petes.
647 772 746 840 Vsum
776 774 864 839 uoois
893 773 1033 858 explicat
1062 770 1295 857 Harpocration
1315 792 1341 840 s.
1360 794 1391 842 u.

245 872 451 941 EGaisfordi
472 894 547 942 uero
570 872 777 943 adnotatione
798 873 842 941 ad
862 876 968 961 Etym.
990 876 1074 960 Mag.
1097 895 1129 960 p.
1141 876 1215 956 433,
1228 877 1278 939 54.
1301 874 1393 942 disci-

156 970 166 980 *
246 996 316 1044 mus
337 977 370 1042 in
392 977 603 1061 etymologico
624 976 763 1060 quodam
777 977 923 1044 Parisino
946 979 981 1044 in
996 977 1116 1044 maiore
1131 974 1271 1058 quadam
1284 976 1393 1060 glossa

244 1078 479 1146 hacc-referri:
514 1072 669 1165 ἤπειρος·
704 1071 830 1164 ἄπορος
863 1079 1012 1163 λέγουσιν
1041 1079 1075 1145 οἱ
1101 1076 1244 1154 Αἰολεῖς
1252 1129 1261 1159 ,
1292 1078 1396 1145 οἱονεὶ

244 1184 351 1267 πέρας
371 1176 415 1266 μὴ
440 1177 569 1260 ἐ’χοοσα.
591 1181 649 1246 καὶ
663 1171 850 1267 Εὐριπίδης
871 1182 975 1269 φησιν
997 1174 1157 1268 ,ἤπειρον
1180 1178 1229 1257 εἰς
1252 1173 1394 1265 ἄπειρον

245 1279 519 1364 ἐξεπλεύσαμεν.“
529 1282 553 1366 ¹)
575 1275 714 1369 ἤπειρος
736 1281 772 1348 δὲ
795 1278 957 1371 ospacti
974 1281 1056 1371 ξηρὰ
1070 1285 1120 1370 γῆ.
1161 1284 1289 1368 Τριχίῖς
1305 1280 1341 1348 δὲ
1355 1280 1393 1348 τὸ

244 1386 303 1472 τῆς
331 1376 471 1470 ἠπείρου
500 1377 615 1466 ὄνομα.
649 1378 788 1472 ἤπειρος
816 1390 937 1472 κυρίως
958 1381 977 1473 ἡ
1001 1387 1096 1450 πᾶσα
1124 1386 1165 1471 γῆ
1193 1380 1280 1468 πρὸς
1302 1377 1394 1450 ἄντι-

245 1482 423 1574 scartorp
441 1488 504 1573 τῆς
525 1484 711 1574 θάλασσης,
735 1480 876 1574 ἤπειρος
896 1488 953 1553 καὶ
974 1481 993 1573 ἡ
1016 1479 1115 1553 Ἀσία
1136 1483 1223 1573 πρὸς
1245 1478 1394 1553 ἀντιδια-

170 1642 174 1650 ,
245 1584 366 1676 στολὴν
388 1590 446 1676 τῆς
468 1579 641 1675 Εὐρώπης,
664 1581 805 1676 ἤπειρος
825 1591 881 1654 καί
899 1584 918 1676 ἦ
937 1578 1144 1676 Θεσπρῶτις.
1181 1590 1279 1657 Plura
1300 1589 1395 1675 igitur

246 1698 277 1761 et
299 1690 428 1759 maioris
451 1690 618 1757 uetustatis
639 1690 776 1774 uestigia
798 1691 952 1759 habemus
967 1711 1063 1774 quam
1085 1693 1118 1758 in
1138 1689 1260 1760 scholio
1275 1697 1394 1760 nostro.

246 1794 325 1861 (lum
348 1812 389 1858 ex
410 1792 671 1877 Harpocrationis
692 1793 816 1878 glossa:
850 1786 1005 1879 ἤπειρον·
1028 1795 1075 1879 τῴ
1094 1785 1272 1880 Ἰσοκράτει
1295 1792 1394 1882 σύνη-

244 1900 308 1974 θές
331 1893 482 1981 ἐστιτήν
504 1889 571 1960 ὑπὸ
593 1894 728 1978 βασιλεῖ
747 1897 814 1960 τῶν
836 1898 978 1982 Περσῶν
1004 1887 1089 1961 οὕτω
1111 1896 1293 1962 καλεῖσθαι
1313 1896 1394 1965 scia·

246 2018 316 2065 mus
339 1997 421 2063 hanc
442 1997 582 2079 glossam
605 1994 648 2062 ad
669 1995 797 2064 lexicon
817 1997 1009 2065 rhetoricum
1037 1997 1237 2066 referendam
1262 2017 1333 2066 esse
1362 2004 1396 2065 et

245 2099 461 2184 Etymologici
482 2098 591 2183 glossa
612 2096 695 2164 hanc
708 2097 808 2164 Asiae
823 2098 1099 2184 significationem,
1121 2118 1206 2183 quae
1220 2098 1313 2167 unius
1327 2101 1393 2167 Isc-

246 2200 343 2269 cratis
371 2200 501 2286 propria
528 2198 654 2267 uidetur
681 2198 798 2284 fuisse,
825 2220 903 2285 prae
924 2220 960 2268 se
988 2201 1085 2284 ferat,
1116 2208 1149 2268 et
1170 2201 1391 2286 Harpocratio

245 2324 319 2372 nem
348 2307 381 2370 et
409 2303 625 2389 etymologum
653 2300 832 2368 Parisinum
860 2307 893 2370 et
920 2302 1126 2373 scholiastam
1148 2302 1393 2390 Thucydideum

246 2427 288 2473 ex
310 2404 423 2474 eodem
445 2408 532 2474 fonte
555 2404 699 2472 hausisse
721 2404 888 2473 contendo.
926 2404 988 2485 Qui
1010 2405 1080 2473 fons
1103 2406 1207 2488 qualis
1229 2406 1339 2492 fuerit,
1360 2406 1393 2473 in

245 2507 544 2593 dubiorelinqnere
565 2506 663 2574 tutius
685 2505 820 2574 uidetur.

769 2780 790 2858 ς
815 2782 862 2842 ra.

332 2914 454 2984 Naberi
474 2917 706 2999 Prolcgomcna
727 2914 857 2981 assidue
879 2915 1091 2999 perscrutanti
1114 2915 1192 2981 mihi
1213 2918 1347 3001 semper
1360 2914 1394 2982 id

246 3019 361 3085 mirum
389 3015 557 3083 uidebatur
584 3036 673 3100 eum,
703 3037 774 3083 cnm
804 3016 961 3083 atticistas
987 3013 1035 3099 (ct
1061 3017 1183 3102 optimo
1209 3016 1243 3084 id
1265 3016 1393 3100 quidem

245 3119 329 3202 iure)
351 3118 431 3186 tanti
451 3118 585 3204 faceret,
613 3119 679 3187 fere
708 3137 865 3199 nusquam
893 3117 1030 3203 uestigia
1052 3137 1160 3185 corum
1180 3118 1214 3185 in
1236 3139 1392 3188 commen-

246 3222 335 3290 tariis
357 3227 515 3305 ueterum,
539 3219 594 3304 qui
615 3219 658 3286 ad
679 3220 850 3306 scriptores
871 3218 987 3287 atticos
1009 3227 1152 3304 exstant,
1182 3221 1316 3290 latentia
1337 3221 1392 3289 ad·

246 3323 390 3392 hibuisse
411 3323 454 3391 ad
475 3323 603 3391 illorum
625 3321 801 3391 doctrinam
822 3321 1051 3389 restituendam
1077 3329 1110 3389 et
1131 3323 1323 3407 explendam
1345 3321 1395 3406 (id

246 3425 334 3511 quod
362 3445 401 3493 eo
430 3425 608 3493 mirabilius
636 3423 764 3493 uidetur
793 3444 881 3508 esse,
910 3425 995 3507 quod
1022 3424 1152 3509 Boethi,
1182 3443 1265 3509 quae
1293 3432 1395 3511 putat,

246 3526 384 3611 uestigia
406 3533 472 3593 tam
494 3535 642 3596 accurate
663 3529 698 3596 in
719 3526 850 3596 scholiis
871 3527 1045 3595 Platonicis
1066 3532 1251 3613 persecutus
1273 3527 1337 3613 est)
1360 3535 1393 3596 et

247 3634 408 3699 oratorum
429 3630 552 3698 scholia
574 3630 624 3697 bis
647 3636 734 3698 teruc
755 3633 879 3696 tantum
900 3629 935 3695 in
949 3634 1057 3698 tantae
1072 3630 1165 3697 molis
1179 3649 1277 3716 opere
1292 3630 1392 3698 nomi-

247 3751 351 3800 nasse.
387 3732 430 3797 lot
451 3731 484 3796 in
506 3731 637 3799 scholiis
659 3730 879 3814 Thucydidcis
901 3732 1008 3799 multa
1029 3751 1071 3799 ex
1092 3730 1241 3798 atticistis
1263 3738 1394 3817 sumpta

334 3973 358 4034 t)
382 3967 463 4036 Apud
479 3965 606 4021 Photinm
624 3981 685 4020 uu.
708 3981 804 4021 uersus
826 3907 964 4037 Euripidis
987 3968 1027 4023 ita
1050 3967 1190 4023 laudatur:
1221 3962 1335 4038 ἤπειρον
1359 3969 1396 4021 εἰς

247 4049 362 4124 ἄπειρον
379 4050 520 4120 ἐκβάλλων
537 4048 618 4116 πόδα,
637 4050 673 4106 cf.
691 4050 793 4107 Nabar.
806 4051 865 4133 lap.
879 4056 937 4108 265.
