3142 4700
381 264 557 333 Quaestioues
575 266 608 322 de
624 265 788 323 scholiorum
805 267 1041 338 Thucydideorum
1057 269 1186 326 lontibus.
1298 272 1358 332 135

209 436 326 505 atticos
349 437 591 505 commentarios
606 427 816 524 scripserunt.
860 440 970 508 Pauca
990 445 1079 525 sunt,
1109 463 1181 510 oum
1202 445 1359 530 plurimae

210 541 339 625 glossae
360 538 425 605 mm
447 540 480 605 in
501 540 602 607 tribus
624 539 689 609 illis
712 539 826 610 lexicis
847 541 1055 610 iuueniautur.

295 641 336 707 Et
351 640 438 726 apud
451 641 790 727 Harpocrationem
813 642 942 727 quidem
956 644 1180 730 Thucydidem
1194 647 1358 732 undequa-

210 743 339 827 dragies
361 741 528 810 laudatum
550 744 702 812 inuenies.
745 747 944 814 Paucissima
971 768 1048 816 uero
1071 749 1263 819 conueniunt
1285 772 1357 819 cum

210 845 341 913 scholiis
363 844 598 930 Thucydidem,
620 866 724 929 eaque
747 847 928 917 dubitanter
954 847 1007 916 hio
1028 868 1172 935 appono,
1201 873 1240 920 ea
1261 874 1359 922 causa

210 954 401 1034 commotus,
425 948 511 1031 quod
532 949 617 1016 aliae
637 969 763 1032 quoque
777 952 906 1036 glossae
923 969 995 1017 oum
1009 950 1139 1019 scholiis
1153 954 1269 1022 nostris
1284 975 1356 1024 con-

209 1051 374 1118 uenientes
396 1051 470 1118 illos
491 1052 579 1119 looos
602 1073 643 1119 ex
664 1052 874 1119 atticistarum
899 1051 1013 1120 lexicis
1035 1051 1195 1122 deriuatos
1218 1076 1289 1126 esse
1310 1059 1368 1135 im,

209 1152 325 1220 dicant
339 1153 363 1234 ¹)
408 1153 474 1220 Sed
495 1174 578 1221 nuuc
599 1154 643 1221 ad
663 1154 790 1240 singula
811 1153 947 1221 transire
970 1152 1075 1222 liceat.

293 1255 508 1323 Doberontxio
530 1256 594 1322 iam
616 1276 713 1342 supra
731 1277 762 1341 p.
779 1259 829 1322 84.
852 1255 1023 1341 Aspasium
1045 1257 1197 1340 Byblium
1225 1263 1356 1329 nonnul-

207 1358 311 1424 lorum
333 1356 525 1425 scholiorum
540 1365 701 1427 auctorem
716 1358 821 1426 υἱεοαι
836 1377 908 1425 esso
923 1356 1071 1425 diximus.
1109 1359 1174 1428 Sed
1189 1381 1240 1428 res
1257 1365 1357 1431 multo

208 1458 302 1525 aliter
316 1466 500 1544 comparata
515 1465 573 1545 ost,
595 1480 666 1528 oum
682 1460 967 1545 Harpocrationem
984 1481 1048 1528 nou
1062 1462 1248 1546 respexerit,
1271 1466 1357 1549 apud

207 1582 303 1648 quem
331 1560 430 1628 uelim
458 1564 590 1630 enoluas
611 1584 642 1647 p.
661 1567 729 1627 150.
753 1560 804 1627 ed.
827 1561 988 1630 Dindord:
1024 1566 1168 1645 θέμενος
1190 1561 1231 1629 τά
1254 1550 1355 1632 dala.

208 1656 282 1731 άντὶ
304 1665 364 1729 σου
389 1667 613 1748 περιθέμενος
640 1665 698 1730 καὶ
726 1657 962 1746 ὁπλισάμενος.
1006 1668 1230 1754 Δημοσθένης
1252 1664 1286 1734 ἓν
1308 1671 1357 1754 τῷ
1430 1714 1434 1721 -

206 1763 291 1832 κατὰ
313 1764 461 1832 Μειδίου
483 1757 692 1855 καὶὍμηρος
714 1767 831 1850 „upote
846 1758 876 1830 δ’
896 1757 951 1831 ἐπ’
970 1763 1107 1852 ἰφθίμῳ
1121 1771 1235 1855 κυνέην
1250 1773 1356 1836 θέτο“

206 1869 262 1935 καὶ
276 1866 442 1956 Αἰσχίνης
463 1865 548 1933 κατὰ
567 1865 735 1954 Τιμάρχου
759 1869 862 1955 φησὶν
884 1861 1069 1954 πάνθριυπε
1083 1872 1124 1954 τῇ
1139 1868 1247 1952 πόλει,
1271 1866 1355 1959 ὑπὲρ

206 1963 245 2057 ἧς
260 1967 302 2035 τὰ
317 1961 408 2034 ὅπλα
423 1966 467 2058 μὴ
485 1973 637 2051 τίθεσαι,
661 1989 758 2054 quam
779 1971 921 2056 glossam
936 1970 1053 2039 Suidas
1068 1972 1243 2059 exscripsit.
1273 1974 1355 2040 Tres

205 2072 301 2158 igitur
330 2078 476 2141 auctores
503 2073 658 2141 nominati
684 2079 772 2155 suut,
807 2093 825 2141 e
853 2093 986 2158 quorum
1013 2094 1146 2142 numero
1175 2074 1263 2141 locus
1290 2075 1354 2143 De·

206 2174 421 2244 mostheuicus
442 2174 559 2259 (5145.
582 2197 614 2261 p.
627 2179 699 2262 561,
718 2175 782 2259 23.)
806 2174 840 2241 in
861 2175 991 2243 scholiis
1013 2177 1271 2243 Demostheniois
1291 2197 1355 2244 non

204 2283 346 2345 nostram
364 2277 408 2345 ad
424 2279 565 2362 glossam
580 2279 758 2365 explicatus
773 2284 830 2345 est.
867 2277 1070 2344 Homericum
1088 2298 1163 2345 uero
1186 2297 1278 2344 usum
1300 2300 1353 2344 ex-

83 2445 87 2452 .
203 2380 302 2467 plicat
322 2380 467 2450 scholion
489 2380 642 2448 Thudll.
656 2385 700 2447 2:
733 2383 875 2462 θέμενοι
903 2376 944 2444 τά
967 2371 1057 2444 ὅπλα
1081 2371 1154 2445 ἀντὶ
1176 2383 1236 2446 σου
1258 2401 1355 2466 περι-

203 2486 353 2565 θέμενοι.
389 2473 536 2571 Ὅμηρος
558 2474 672 2560 »σάκε’
699 2475 841 2564 ὤμοισιν
870 2479 1020 2548 torvum.
1055 2474 1194 2570 άνόητον
1223 2479 1286 2568 γὰρ
1315 2479 1352 2548 τὸ

203 2581 326 2668 μεταξὺ
348 2587 414 2650 τῶν
437 2585 609 2668 πολεμίων
631 2576 731 2661 ὄντας
752 2580 798 2670 μὴ
822 2589 1040 2670 περικεῖσθαι
1060 2580 1102 2649 τὰ
1124 2575 1225 2649 ὅπλα.
1255 2586 1353 2649 τοῦτο

205 2685 241 2751 δὲ
263 2681 372 2766 εἶπεν,
395 2678 449 2753 ὅτι
468 2684 501 2752 ἓν
516 2688 557 2773 τῇ
570 2680 639 2771 ὁδῷ
654 2682 757 2773 ,τυχὸν
780 2682 961 2769 ἐβάσταζον
984 2678 1083 2751 αὐτά·
1107 2680 1153 2762 ὥς
1176 2677 1207 2749 d'
1227 2682 1275 2761 εἰς
1289 2710 1354 2751 πο-

205 2789 338 2872 λεμίους
360 2772 483 2877 ἧίοθον,
514 2784 718 2853 ἒνεόάσαντο.
762 2787 982 2855 Atticistarum
1004 2789 1249 2873 explicationem
1272 2788 1354 2855 falso

204 2891 267 2958 huo
282 2911 303 2957 a
316 2891 491 2960 scholiasta
511 2890 555 2960 ad
575 2897 719 2959 nostrum
740 2891 846 2958 locum
867 2890 1004 2957 relatam
1025 2910 1112 2972 esse,
1135 2887 1354 2958 eoondicione

203 2994 268 3060 loci
282 2992 484 3077 Thucydidei
505 2995 613 3061 statim
628 2992 797 3075 unicuique
816 2990 1018 3059 manifestum
1034 2993 1102 3058 erit.
1138 2991 1353 3059 Aeschiueum

204 3111 281 3159 uero
303 3094 409 3161 locum
431 3096 571 3179 explicat
592 3095 736 3163 scholion
757 3094 872 3161 Aesch.
885 3094 910 3159 l.
923 3097 989 3161 29.:
1011 3091 1054 3159 τὰ
1077 3085 1167 3160 ὅπλα
1188 3089 1234 3179 μὴ
1256 3096 1353 3157 τίθε-

205 3191 274 3281 σαι]
297 3191 334 3259 τὸ
358 3198 524 3261 τίθεσθαι
546 3196 752 3281 λέγεταικαὶ
774 3191 833 3261 ἐπί
854 3198 914 3260 τοῦ
936 3188 1174 3261 ἀποτίθεσθαι
1199 3192 1240 3259 τὰ
1262 3187 1354 3260 ὅπλα

203 3298 261 3363 καὶ
283 3293 342 3363 ἐπὶ
364 3300 423 3363 σου
445 3300 692 3382 περιτίθεσθαι
711 3298 768 3362 καὶ
790 3292 979 3376 ἐνδύεσθαι,
1002 3292 1048 3373 ὡς
1070 3294 1213 3381 ἔγνωμεν
1234 3294 1268 3362 ἒν
1281 3308 1354 3373 τοῖς

207 3399 456 3477 Θουκυδιόείοις
484 3396 518 3464 ἐν
545 3400 586 3483 τῇ
613 3396 656 3481 θ.
690 3395 839 3463 ἐνταῦθα
868 3397 904 3463 δὲ
934 3394 993 3463 ἐπί
1020 3400 1079 3463 τοῦ
1107 3401 1354 3484 περιτίθεσθαι

205 3539 409 3549 ...μ-

294 3606 318 3665 1)
341 3602 480 3672 Boysenus
506 3599 611 3670 quidem
629 3616 654 3669 p.
665 3603 708 3654 81.
719 3603 759 3654 82.
777 3614 876 3668 magua
900 3615 961 3653 cum
979 3598 1142 3655 confidentia
1159 3600 1353 3671 Harpocratio-

204 3703 266 3742 nem
283 3686 400 3756 plurima
417 3685 543 3740 alliciatis
556 3685 653 3742 debere
669 3685 797 3749 affirmat,
816 3699 870 3753 qua
881 3683 909 3738 in
921 3699 951 3738 re
963 3684 1127 3739 Carnuthius
1139 3685 1167 3739 in
1181 3685 1352 3748 „Jahresbem

204 3771 248 3826 ihr
265 3771 348 3826 klass.
368 3770 499 3825 Altsrth.“
512 3770 546 3825 V.
555 3786 582 3839 p.
597 3774 651 3824 129.
661 3786 719 3839 sqq.
737 3769 845 3825 uidetur
863 3785 923 3824 eum
941 3773 1051 3823 secutus
1070 3784 1137 3824 esse.
1173 3769 1226 3823 Sed
1244 3768 1351 3824 Stolon-

204 3856 278 3911 tiuus
301 3856 329 3910 in
353 3855 481 3919 „Jahrhh
506 3855 550 3909 lllr
572 3855 656 3909 klass.
680 3854 793 3910 Philol.“
806 3860 863 3910 llo.
880 3871 909 3924 p.
925 3859 972 3909 124
984 3871 1041 3924 sqq.
1064 3856 1135 3907 hanc
1153 3853 1270 3922 Boyseni
1292 3854 1351 3922 opi·

205 3941 312 3996 uionom
329 3946 373 3995 sat
389 3939 508 4004 idoneis,
526 3943 557 3993 ut
568 3937 689 4006 uidetur,
707 3941 797 3995 causis
814 3940 953 4010 impugnat
964 3940 1108 4008 potiusque
1121 3937 1154 3991 de
1166 3938 1269 4007 origine
1281 3939 1350 3994 Har·

204 4025 371 4096 pocrationis
388 4029 416 4081 et
433 4023 614 4091 atticistarum
631 4026 766 4081 communi
784 4025 957 4095 cogitandum
973 4039 1033 4080 esse
1050 4028 1151 4079 censet.
