3142 4700
282 217 343 277 120
449 155 458 171 ο
505 262 510 271 .
719 213 854 269 Ernestus
872 211 1002 268 Schwabe

281 390 446 459 restituere
460 387 588 473 ausim).
622 385 823 470 Goslingsius
838 388 927 470 p.23.
943 384 1026 453 hene
1039 382 1134 451 Photi
1148 382 1289 466 glossam
1301 389 1432 468 propter

281 491 423 577 Hesychi
444 492 563 557 locum:
593 488 708 573 ῥαχία·
731 489 801 564 πᾶς
823 485 996 574 πετρώδης
1020 483 1171 571 αἰγιαλός
1193 483 1236 555 ad
1256 483 1432 569 Didymum

281 597 392 679 refert,
415 610 510 674 quam
533 589 715 675 opinionem
737 595 867 675 propter
880 589 1021 655 rationes
1036 606 1134 670 supra
1149 585 1312 671 expositas
1327 606 1433 652 meam

256 698 387 763 ,iacere
408 716 471 762 uon
494 712 585 775 queo.

367 798 395 862 E
409 794 568 862 nonnullis
583 791 841 859 adnotationibus
856 790 1026 858 conflatum
1037 788 1164 856 uidetur
1174 788 1319 856 scholion
1329 788 1432 855 Thac.

283 901 334 966 IV.
352 904 393 964 l.:
415 898 496 982 περὶ
520 900 634 961 σίτου
658 890 839 980 ἐκβολῆς]
864 897 956 958 σίτου
972 888 1108 978 ἐκβολὴν
1122 887 1182 977 τὴν
1197 893 1263 955 τῶν
1282 890 1433 973 σταχύων

283 998 319 1066 ἐκ
339 1002 406 1065 τῶν
427 996 574 1063 κολάκων
596 1000 739 1081 γένεσιν·
769 992 924 1083 ἐπιφέρει
945 991 1008 1079 γὰρ
1030 988 1118 1070 χὺπὸ
1148 992 1185 1057 δὲ
1212 991 1290 1070 τοὺς
1314 984 1434 1069 αὖτοὺς

281 1100 419 1189 χρόνους
441 1102 500 1165 τοῦ
522 1083 631 1185 doech
662 1082 740 1183 ἦρος
770 1096 806 1161 δὲ
836 1094 973 1177 σταχύες
1002 1093 1189 1183 ἐκφύονται.
1222 1089 1321 1182 ἤγουν
1342 1086 1432 1160 dead

285 1201 403 1283 στάχυς
433 1200 689 1288 δημιουργεῖται
720 1200 777 1264 καὶ
814 1196 1042 1285 προβάλλεται
1073 1190 1186 1283 (ἤγουν
1225 1194 1436 1281 ἐκβάλλεται)

285 1301 366 1385 ’έχων
388 1300 446 1368 τὸν
467 1301 581 1367 κόκκον
602 1303 662 1366 τοῦ
684 1305 777 1366 σίτου
801 1299 1103 1383 διατετυπωμένον,
1127 1293 1223 1363 οὔπω
1246 1298 1282 1363 δὲ
1305 1297 1353 1375 είς
1376 1291 1435 1364 άκ·

284 1402 349 1492 μὴν
371 1408 596 1491 προαχθέντα.
634 1405 684 1469 De
698 1402 856 1468 uocabulo
879 1414 972 1479 σῖτος
988 1401 1069 1468 duas
1083 1400 1179 1466 Photi
1195 1401 1321 1486 glossas
1334 1400 1435 1468 habe·

285 1527 369 1573 mus:
406 1518 498 1583 σῑτος
520 1507 588 1581 πᾶς
610 1498 627 1569 ὁ
652 1500 778 1579 σιτικὸς
803 1500 946 1589 καρπός,
976 1495 1033 1584 οὐχ
1054 1497 1072 1567 ὁ
1097 1499 1202 1587 πυρὸς
1231 1500 1344 1585 μόνον.
1377 1504 1436 1568 καὶ

286 1601 371 1674 αὐτὰ
399 1605 442 1672 τὰ
465 1613 567 1674 σιτία.
614 1603 818 1692 Θουκυδίδης
841 1603 868 1668 δ’
900 1605 977 1681 »καὶ
998 1606 1064 1669 τῶν
1094 1606 1175 1669 νεών
1204 1596 1262 1669 οὗκ
1291 1602 1436 1685 ἐχουσῶν

285 1702 388 1798 ὅρμον
412 1709 444 1775 ολ
466 1709 526 1791 μὲν
542 1721 635 1775 σῖτον
650 1705 684 1773 ἐν
699 1709 739 1792 τῇ
753 1709 795 1792 χη
809 1701 964 1793 ᾑροῦντο,
989 1705 1022 1771 οἱ
1044 1704 1080 1770 δὲ
1095 1709 1257 1792 μετέωροι
1271 1696 1402 1793 ὥρμουν
1410 1712 1434 1787 “,

287 1833 369 1896 quae
391 1813 500 1895 glossa
521 1810 564 1876 ad
586 1810 686 1876 Thuc.
698 1809 751 1874 IV.
765 1813 815 1875 26.
838 1809 991 1894 pertinet,
1014 1807 1069 1874 uhi
1091 1809 1229 1893 nullum,
1253 1809 1340 1889 quod
1361 1829 1435 1875 cou-

286 1914 362 1980 ferri
390 1912 506 1998 possit,
536 1909 680 1977 scholion
709 1917 825 1977 exstat.
867 1910 920 1977 Ad
948 1909 1033 1975 hune
1059 1911 1164 1977 locum
1194 1909 1308 1991 (Thuc.
1323 1911 1377 1977 IV.
1394 1909 1435 1995 l.)

286 2016 389 2081 altera
409 2014 505 2079 Photi
531 2014 640 2094 glossa
667 2010 793 2079 uidetur
819 2011 1000 2079 referenda:
1035 2016 1129 2077 σίτου
1152 2008 1283 2100 ἐκβολή,
1313 2004 1393 2079 ὅταν
1415 2008 1434 2078 ὁ

288 2114 406 2197 στάχυς
428 2117 486 2202 της
507 2111 646 2190 κάλυκος
669 2109 844 2201 ἒκφάηται,
869 2105 926 2195 οὐχ
947 2104 1027 2178 ὅταν
1053 2110 1087 2179 ἐκ
1109 2116 1167 2201 τῆς
1188 2117 1247 2202 γῆς
1269 2106 1436 2182 ἀναδιδοῖ-

287 2242 344 2282 ται
358 2214 400 2281 τὰ
417 2219 608 2303 σπέρματα,
632 2233 729 2297 quam
750 2236 785 2281 re
807 2216 879 2300 ipsa
899 2236 970 2282 cum
992 2215 1114 2283 scholio
1136 2225 1244 2284 nostro
1266 2217 1436 2287 conuenire

288 2340 382 2388 nemo
404 2318 543 2400 negabit.
587 2316 802 2386 schwartzius
823 2337 856 2403 p.
872 2319 943 2384 138.
971 2317 1055 2385 hanc
1081 2317 1222 2403 glossam
1246 2316 1320 2386 ideo
1340 2319 1435 2388 Aelio

288 2423 444 2506 Dionysio
466 2420 648 2487 adscribere
670 2420 786 2503 noluit,
817 2420 892 2502 quia
919 2421 983 2485 iam
1006 2424 1141 2488 alteram
1161 2423 1212 2489 illi
1231 2422 1435 2489 attribuerat:

200 2542 205 2554 ·
288 2523 402 2590 melius
424 2543 500 2589 uero
523 2523 653 2605 egisset,
675 2521 702 2586 si
723 2522 816 2588 nobis
832 2524 993 2605 optionem
1007 2523 1167 2608 dedisset,
1189 2529 1293 2591 utram
1307 2524 1363 2591 uni
1381 2526 1435 2591 uel

289 2624 382 2691 alteri
402 2623 529 2702 illorum
551 2623 760 2689 atticistarum
782 2625 965 2692 adscribere
986 2626 1165 2693 mallemus.

372 2724 503 2792 Photius
518 2744 543 2792 s.
558 2746 588 2791 u.
612 2723 901 2811 στρατόπεδον
925 2723 1144 2815 ἐποιήσαντο·
1179 2720 1254 2794 ἀντὶ
1275 2731 1335 2794 τοῦ
1357 2750 1436 2818 σκη-

288 2825 356 2902 νάς.
380 2824 438 2891 δύο
453 2823 515 2912 γὰρ
531 2831 686 2914 σημαίνει
700 2821 719 2912 ἡ
736 2825 824 2904 λέξις
838 2829 895 2916 καὶ
908 2825 945 2893 τὸ
962 2827 1150 2915 στράτευμα
1172 2831 1229 2895 καὶ
1249 2826 1307 2895 τὸν
1329 2828 1436 2897 τόπον

287 2930 347 2992 τοῦ
380 2925 627 3012 στρατεύματος
654 2930 795 2994 'conferri
826 2935 932 3015 potest
961 2951 1032 2997 cum
1061 2931 1183 2998 scholio
1210 2921 1310 2999 Thuc.
1324 2934 1351 2999 Ι.
1368 2939 1435 2999 46.;
1495 2963 1499 2976 ·

289 3025 534 3114 στρατόπεδον·
569 3026 628 3092 δύο
658 3034 813 3116 σημαίνει
841 3027 879 3096 τὸ
910 3030 1147 3118 στρατόπεδον.
1180 3031 1238 3100 τὸν
1266 3031 1347 3101 λαὸν
1376 3037 1436 3101 τοῦ

289 3131 433 3216 στρατοῦ
459 3130 516 3194 καί
543 3126 601 3195 τὸν
627 3127 748 3210 τόπον,
780 3128 814 3196 ἒν
843 3124 871 3217 ᾦ
894 3127 912 3198 δ
936 3132 1025 3210 λαός.
1055 3132 1259 3222 ἐτυμώτερον
1287 3135 1324 3201 δέ
1346 3133 1437 3203 ἐστιν

289 3230 348 3298 ἐπὶ
369 3233 429 3297 τοῦ
450 3230 556 3298 τόπου
580 3232 738 3317 λέγεσθαι
745 3283 754 3315 ,
784 3232 856 3300 οἷον
884 3238 943 3301 τοῦ
966 3240 1108 3324 στρατοῦ
1130 3236 1244 3303 πέδον.
1288 3237 1360 3317 Qua
1381 3260 1435 3306 ex·

288 3334 470 3419 plicatione,
493 3354 588 3417 quam
611 3355 652 3401 ex
670 3333 784 3402 eodem
799 3340 896 3419 atque
910 3339 1100 3407 Photianam
1114 3340 1184 3407 riuo
1200 3360 1348 3408 manasse
1361 3362 1434 3426 per-

289 3435 434 3517 spicuum
463 3442 526 3520 est,
554 3436 806 3506 luculentissime
834 3439 1082 3524 demonstratur,
1113 3442 1285 3523 quodiam
1307 3443 1436 3528 saepius

290 3533 542 3621 adfirmauimus,
565 3538 755 3607 scholiastes
769 3540 997 3624 Thucydideos
1018 3563 1080 3609 uou
1096 3543 1196 3611 uerba
1217 3544 1289 3629 ipsa
1300 3547 1348 3611 'ex
1363 3545 1435 3614 atti-

289 3636 378 3704 cistis
400 3635 598 3722 depinxisse,
621 3640 679 3706 sed
699 3642 828 3708 illorum
849 3642 1116 3726 explicationibus
1143 3645 1190 3711 ita
1215 3650 1339 3712 tentum
1360 3667 1437 3714 usos

289 3758 376 3821 esse,
400 3739 508 3821 quoad
528 3739 562 3804 id
583 3740 627 3807 ad
648 3741 874 3826 explicandum
889 3743 1112 3828 Thucydidem
1133 3748 1348 3815 necessarium
1363 3768 1436 3815 esse

289 3840 461 3907 uideretur.
503 3842 553 3909 Ex
577 3835 695 3909 Suidae
726 3863 853 3928 quoque
873 3847 983 3931 glossa
1002 3847 1216 3931 intellegimus
1238 3849 1381 3917 scholion
1404 3858 1437 3918 et

289 3941 431 4022 glossam
452 3943 548 4011 Photi
571 3964 612 4010 ex
639 3964 703 4011 uuo
731 3951 860 4013 aucmre
887 3948 988 4032 petita
1016 3967 1102 4033 esse,
1131 3970 1202 4017 cum
1229 3950 1335 4036 priore
1363 3953 1435 4020 loco
