3142 4700
309 344 485 414 decessiones
504 345 537 401 dc
554 345 719 401 scholiorum
737 345 973 417 Thucydideornm
990 350 1121 408 fontibus.
1249 356 1289 414 99

138 519 218 584 bare
247 537 393 601 possum,
427 518 514 599 quod
545 516 724 601 fragmenta
751 518 826 604 illa,
859 520 975 604 quibus
1003 542 1122 590 nomen
1151 526 1292 595 auctoris

138 618 286 686 additum
307 639 372 685 uon
393 624 452 703 est,
474 620 507 683 in
529 619 715 685 uerisimilia
737 625 769 685 et
790 621 913 687 incerta
934 622 1043 690 diuisit
1064 621 1152 709 (pag.
1162 626 1291 710 ΚΕΗ),

139 721 229 788 cuius
257 720 304 785 rei
332 725 420 786 certa
447 720 573 786 omnino
596 720 815 787 desideramus
841 722 969 791 indicia.
1014 723 1227 810 Saepissime,
1256 738 1293 794 ut

140 843 159 890 e
181 821 335 908 proximis
357 822 543 906 apparebit,
569 822 748 905 fragmenta
775 823 833 888 illa
862 832 936 890 sunt
957 826 1116 892 atticistae
1145 828 1290 910 alicuius,

139 924 199 992 scd
221 929 325 989 utrum
339 923 520 989 Pausaniae
542 942 584 990 an
598 924 672 989 Aeli
686 924 838 1008 Dionysi,
861 926 958 1009 plane
980 927 1148 995 diudicari
1169 930 1291 1013 nequit,

140 1045 212 1093 cum
241 1023 459 1091 distinctiones
486 1025 576 1108 illas,
606 1045 686 1108 quas
708 1024 955 1094 Rindfleischius
976 1050 1007 1114 p.
1020 1032 1071 1095 22.
1095 1048 1167 1096 esse
1189 1031 1291 1098 uoluit

138 1125 166 1210 (,
175 1126 370 1192 Pausaniam
384 1127 489 1211 potius
503 1145 599 1193 uoces
614 1128 855 1212 interpretatum
870 1147 941 1195 esse
956 1136 989 1196 et
1002 1130 1148 1196 instituta
1161 1131 1292 1215 publica

139 1235 239 1311 atque
261 1227 390 1312 priuata
416 1228 608 1313 explicasse,
637 1228 765 1295 Aelium
790 1229 978 1313 Dionysium
1000 1233 1090 1315 leges
1111 1253 1183 1299 oum
1204 1240 1291 1299 recte

140 1329 302 1422 scribendi
323 1334 391 1395 tum
412 1329 637 1410 grammaticas
651 1331 829 1396 Atticorum
844 1332 991 1417 proprias
1006 1332 1223 1417 constituisse,
1245 1334 1292 1400 ita

138 1440 265 1512 tamen,
287 1436 324 1496 ut
345 1437 479 1512 uterque
500 1431 652 1497 nonnulla
667 1452 684 1497 c
699 1433 865 1517 prouincia
886 1433 1032 1515 alterius,
1056 1440 1089 1499 ut
1110 1434 1156 1501 ita
1175 1434 1291 1517 dicam,

138 1539 308 1617 usurparet
315 1531 354 1615 “),
378 1533 439 1598 etsi
460 1532 596 1599 fortasse
620 1553 715 1600 uerae
729 1541 803 1600 sunt
817 1533 871 1616 (ci.
889 1537 1026 1620 Boysen.
1040 1556 1072 1621 p.
1089 1535 1165 1619 oth),
1187 1538 1291 1604 minus

138 1641 249 1701 tamen
271 1640 378 1700 certas
397 1653 526 1718 censeo,
555 1653 652 1716 quam
679 1643 729 1702 ut·
742 1634 818 1701 inde
845 1640 1048 1720 argumenta,
1078 1637 1193 1720 quibus
1219 1636 1292 1703 freti

139 1737 196 1803 uni
218 1736 270 1803 uel
292 1734 385 1801 alteri
406 1732 530 1801 scholia
551 1736 781 1819 adscribamus,
804 1737 987 1820 potiuerim,
1009 1738 1198 1821 praesertim
1220 1755 1292 1803 oum

140 1835 389 1904 Rindfleisohius
416 1836 487 1919 ipse
513 1837 569 1902 l.l.
598 1837 804 1922 exceptiones
832 1857 904 1905 esse
933 1839 1133 1905 concesserit.
1177 1839 1292 1922 Neque

141 1941 239 2024 igitur
260 1938 394 2005 laudare
416 1959 546 2023 possum
568 1938 724 2006 rationem
748 1939 927 2023 Goslingsi‚
950 1940 1006 2021 qui
1026 1939 1162 2024 singulis
1184 1947 1291 2007 auoto-

140 2043 230 2109 ribus
257 2040 384 2123 singula
412 2040 537 2107 scholia
564 2041 732 2108 restituere
761 2046 895 2109 conatus
923 2048 980 2108 est.
1024 2039 1077 2106 Ad
1100 2042 1158 2108 bos
1179 2042 1292 2107 ambos

139 2144 253 2228 igitur,
276 2140 304 2208 si
325 2161 441 2208 nomen
462 2142 601 2209 auctoris
617 2142 722 2227 deest,
745 2142 882 2226 scholia,
905 2162 988 2225 quae
1002 2162 1074 2208 cum
1088 2142 1202 2208 lexicis
1218 2161 1292 2219 con·
1331 2131 1335 2139 ’

139 2245 288 2326 ueniunt,
310 2263 374 2309 non
395 2242 439 2307 ad
460 2243 649 2310 alterutrum
664 2243 889 2313 adnotationes
904 2242 1091 2310 referendae
1105 2248 1188 2309 sunt.
1226 2241 1293 2308 Sed

139 2347 328 2432 priusquam
356 2342 400 2409 ad
427 2344 508 2412 hacc
535 2344 659 2413 scholia
687 2351 901 2427 transeamus,
936 2343 977 2411 de
1005 2343 1191 2429 fragmentis
1219 2343 1293 2409 Aeli

138 2447 280 2529 Dionysi
306 2445 392 2529 apud
414 2445 617 2512 Eustathium
643 2447 829 2514 nominatim
852 2445 973 2528 allatis,
1003 2463 1086 2527 quae
1108 2465 1180 2510 oum
1202 2443 1292 2510 scho-

138 2549 196 2616 liis
218 2545 438 2631 Tbucydideis
460 2547 667 2630 conueniunt,
688 2546 782 2613 nobis
804 2547 964 2628 agendum
985 2554 1044 2612 est.

228 2647 356 2714 Aelium
368 2648 558 2732 Dionysium
569 2645 769 2730 Thucydidis
781 2647 1049 2715 studiosissimum
1063 2648 1162 2714 fuisse
1175 2647 1294 2731 optime

141 2750 292 2834 exposuit
307 2749 418 2815 Nabar
433 2748 572 2832 (Proleg.
587 2747 630 2815 ad
645 2747 796 2815 Photium
810 2769 841 2833 p.
853 2748 929 2834 hb),
951 2769 1022 2815 cum
1044 2756 1233 2832 prouocaret
1251 2749 1294 2814 ad

140 2852 271 2920 Aelium
287 2850 478 2935 Dionysium
499 2849 587 2935 apud
602 2842 751 2926 hastath
767 2871 800 2933 p.
813 2854 905 2935 1390,
918 2856 983 2916 50.:
1006 2847 1127 2915 στάδια
1141 2850 1197 2914 καὶ
1213 2870 1294 2913 στα-

142 2955 236 3031 δίους
266 2951 427 3038 ἑκατέρως
456 2952 617 3035 λέγουσιν.
650 2945 667 3015 ὁ
695 2948 900 3036 Θονκυδίδης
930 2949 965 3015 δὲ
988 2950 1145 3027 σταδίους
1167 2945 1213 3028 ὦς
1235 2947 1295 3015 ἐπὶ

140 3053 181 3122 τὸ
205 3058 285 3120 πᾶν.
316 3045 410 3129 ἅπαξ
431 3050 467 3117 δέ
489 3050 591 3135 μόνον
614 3051 736 3118 στάδια
765 3050 892 3139 εἴρηκεν
915 3049 949 3118 ἐν
971 3055 1011 3139 τῇ
1034 3051 1059 3132 ζ
1082 3049 1139 3130 ,έν
1160 3049 1222 3138 γὰρ
1245 3053 1295 3135 τῷ

139 3154 298 3244 πρόσθεν
313 3152 370 3221 ἐπὶ
386 3151 497 3220 πολλὰ
514 3152 634 3219 στάδια
649 3155 777 3237 μέλλων
795 3152 912 3219 ἰέναι“.
945 3153 1039 3233 Quod
1054 3153 1180 3221 codices
1194 3150 1295 3218 nostri

140 3258 347 3343 Thucydidei
369 3254 571 3338 confirmant,
594 3276 665 3321 cum
687 3255 749 3322 hoo
770 3276 832 3322 uno
854 3256 925 3321 loco
942 3254 1104 3337 (vlits.)
1126 3256 1210 3318 hauc
1231 3253 1294 3317 for-

139 3380 231 3430 mam
253 3359 437 3428 exhibeant.
481 3350 638 3422 decorate
659 3356 756 3438 igitur
777 3355 953 3438 Dionysius
975 3351 1198 3437 Thucydidem
1222 3372 1294 3437 per·

140 3468 303 3532 scrutatus
325 3465 389 3543 est,
413 3457 499 3540 quod
521 3477 561 3524 ea
582 3477 710 3542 quoque
732 3475 767 3522 re
788 3453 1039 3537 demonstratur,
1062 3454 1148 3536 quod
1170 3472 1211 3518 ex
1227 3473 1293 3521 cer·

139 3571 247 3631 torum
267 3563 516 3647 fragmentorum
537 3579 669 3627 numero
692 3557 803 3625 decem
827 3557 869 3625 de
883 3555 1074 3640 Thucydide
1089 3561 1189 3642 agunt
1203 3575 1229 3622 s.
1241 3575 1294 3621 uu.

141 3657 320 3751 αὐθέντης,
343 3658 648 3745 ἐμπαλασσόμενοι,
672 3657 706 3725 έν
718 3662 789 3746 χρῷ
804 3656 916 3746 κουρά,
933 3660 1049 3745 κῆπος,
1064 3656 1186 3745 μήκων,
1204 3675 1295 3720 scoo-

141 3765 238 3848 συδέ,
261 3761 432 3843 ντελιτνός,
457 3761 589 3849 σιγμός,
614 3765 696 3841 σῶς,
720 3754 853 3827 ὤνευον.

232 3865 268 3933 Si
289 3865 334 3932 ad
355 3865 481 3950 singula
502 3862 707 3947 accedemus,
729 3862 811 3930 haec
832 3863 899 3932 fere
919 3863 1134 3930 inuenicmus:

229 3967 417 4035 Eustathius
428 3987 459 4051 p.
470 3969 561 4049 1356,
574 3969 625 4032 34.
636 3963 693 4047 (--
704 3964 908 4032 Rindfleisch.
919 3967 957 4030 ir.
966 3966 1017 4028 88.
1030 3960 1213 4046 Schrrartz,
1224 3958 1295 4025 Ael.

140 4072 240 4141 Dion.
256 4090 287 4154 p.
300 4067 380 4154 38.):
413 4059 622 4152 αὐθέντης
645 4055 702 4146 οὐχ
723 4059 946 4149 obsonator,
976 4052 1022 4138 ὥς
1044 4080 1147 4196 priuos
1168 4059 1295 4137 Αἴλιος

1055 4166 1069 4214 λ
