3142 4700
311 272 490 382 Quaestiones
505 314 538 368 de
556 315 720 370 scholiorum
738 315 973 384 Thucydidecrum
989 313 1119 368 fontibus
1251 314 1289 372 91

109 451 114 459 ¹
145 496 232 574 sunt,
255 489 321 555 iere
342 485 421 552 nihil
443 489 566 566 inueni,
591 486 678 567 quod
699 485 742 553 ad
765 485 980 571 explorandos
998 486 1190 553 scholiorum
1206 488 1293 555 Thu-

146 589 354 674 cydideorum
381 596 527 657 auctores
557 587 649 654 nobis
665 590 778 668 ullum
808 589 961 655 auxilium
984 595 1133 672 praestet.
1178 589 1291 674 Singu-

144 694 241 778 laria,
264 712 347 774 quae
368 692 424 759 ille
446 694 533 759 solus
556 690 720 774 exhibeat,
743 690 872 757 omnino
894 711 958 761 non
978 691 1095 758 inueni.

683 879 755 957 §b

231 1001 373 1065 Transeo
394 998 492 1084 igitur
513 996 557 1063 ad
578 996 684 1062 lexica
705 994 782 1063 inde
803 996 845 1060 ab
860 995 1150 1064 Alexandrinorum
1171 1002 1293 1081 tempo·
1378 992 1382 999 ’

143 1102 234 1167 ribus
249 1106 349 1183 usque
363 1101 406 1166 ad
422 1099 555 1167 Sbidam
578 1105 610 1165 et
624 1098 782 1164 Thomam
798 1097 985 1180 Magistrum
1004 1097 1141 1182 condita,
1165 1099 1292 1183 quibus·
1384 1092 1392 1111 ¹

145 1225 216 1270 cum
240 1203 386 1270 omnibus
408 1202 531 1268 scholia
552 1207 662 1266 nostm
682 1200 755 1284 plus
777 1199 923 1266 minusue
952 1201 1160 1267 consentiunt
1196 1202 1292 1267 Prae-

145 1306 238 1389 cipue
267 1303 316 1386 id,
347 1303 432 1386 quod
453 1325 511 1388 per
539 1323 575 1369 se
603 1300 771 1386 probabile
794 1306 858 1383 est,
888 1302 1097 1368 atticistarum
1125 1303 1230 1369 lexica
1251 1301 1294 1370 de

143 1405 344 1490 Thucydidis
359 1406 527 1472 uerborum
542 1424 601 1470 usu
616 1410 840 1488 exposuerunt,
862 1421 994 1484 quorum
1010 1401 1166 1484 quidquid
1184 1424 1293 1489 super-

144 1514 202 1591 est,
225 1509 253 1573 si
267 1506 396 1592 adieris,
413 1504 637 1591 Thucydidem
651 1507 720 1571 iere
734 1504 1019 1570 innumerabilibus
1034 1506 1113 1571 loeis
1127 1505 1293 1574 laudatum

144 1605 225 1677 esse'
236 1610 381 1701 inuenies
402 1614 499 1691 atque
512 1610 559 1674 ita
574 1607 748 1691 laudatum,
769 1613 806 1673 ut
820 1607 886 1672 iere
901 1626 1035 1690 semper,
1058 1622 1120 1687 quo
1136 1609 1237 1675 maior
1251 1610 1293 1675 sit

143 1718 234 1778 aetas
255 1710 446 1793 lexicorum,
473 1730 511 1777 eo
534 1709 697 1789 grauiores
722 1709 921 1792 reperiantur
943 1707 1185 1792 discrepantiae.
1229 1713 1293 1777 Res

143 1831 223 1879 sane
244 1811 415 1893 mirabilis,
445 1830 541 1892 quam
563 1811 624 1876 hoe
645 1812 716 1878 loco
737 1831 790 1876 me
811 1809 963 1893 persequi
983 1830 1023 1875 ne
1046 1811 1293 1896 exspectaretis,

144 1935 216 1981 cum
238 1913 320 1979 haee
341 1913 446 1998 potius
467 1911 511 1979 ad
534 1912 753 1995 quaestionem
775 1911 817 1978 de
833 1910 1031 1996 Thucydidis
1053 1911 1224 1980 traditione
1245 1914 1292 1979 in·

35 2014 36 2017 ’
144 2017 266 2083 directa
278 2016 507 2082 instituendam
522 2014 711 2100 pertineant.
748 2013 818 2080 Iam
832 2006 1007 2096 antiquitus
1022 2015 1166 2082 homines
1181 2015 1292 2084 doctos

143 2139 236 2195 usum
251 2117 438 2201 scriptorum
454 2119 630 2184 Atticorum
651 2117 828 2182 illustrasse
844 2121 977 2182 constat.
1013 2117 1055 2181 Et
1069 2118 1293 2202 Thucydidem

144 2240 272 2303 quoque
294 2220 336 2285 ab
357 2220 422 2286 illis
445 2226 520 2286 ante
534 2218 666 2303 Didymi
682 2223 820 2286 aetatem
840 2217 1019 2284 adhibitum
1042 2239 1128 2302 esse,
1150 2220 1186 2285 id
1207 2220 1293 2302 quod

143 2322 300 2409 philologi
322 2329 451 2389 nostrae
472 2321 590 2389 aetatis
610 2321 809 2404 nescierunt,
840 2320 933 2387 docet
957 2320 1045 2387 loeus
1068 2321 1291 2403 (1111111111Αεί-

144 2426 309 2508 stophanis
325 2424 476 2507 Byzanti,
500 2424 555 2504 qui
577 2422 702 2488 uidetur
723 2422 823 2487 fuisse
837 2422 871 2487 in
886 2442 924 2487 eo
940 2422 1032 2504 libro,
1055 2424 1111 2505 qui
1124 2425 1292 2510 inscriptus
1310 2473 1313 2482 ,
1420 2433 1425 2439 '

65 2587 80 2608 ,ἡ
145 2533 214 2593 erat
236 2522 341 2600 λέξεις
356 2516 498 2589 σἰττικαί.
535 2524 628 2590 Hune
649 2526 755 2591 locum
769 2522 971 2605 Goslingsius
987 2545 1016 2608 p.
1029 2527 1059 2608 9,
1072 2527 1123 2591 65.
1145 2524 1296 2593 adhibuit

144 2650 185 2695 ex
201 2627 367 2693 Eustathio
383 2647 414 2710 p·
427 2630 499 2708 546,
512 2630 577 2693 27.:
600 2626 685 2713 φησί
699 2622 761 2713 γὰρ
776 2620 794 2691 ὁ
811 2623 1038 2711 γραμματικὸς
1049 2620 1292 2717 Ἀριστοφάνης
1326 2671 1328 2676 -

143 2727 181 2795 τὸ
212 2721 403 2810 ἀμύνεσθαι
430 2720 478 2793 οίι
497 2727 600 2811 μόνον
623 2732 796 2814 σημαίνειν
823 2724 861 2792 τὸ
888 2728 1177 2805 κακῶςπαθόντα
1200 2723 1291 2796 ἅντι-

144 2831 337 2898 ὃιατιθέναι
365 2823 451 2895 ἀλλὰ
479 2835 663 2896 τεθεῖσθαι
690 2831 746 2896 καὶ
774 2822 848 2895 ἀντὶ
876 2830 977 2916 φίλου
1004 2828 1042 2896 τὸ
1074 2825 1293 2917 ἀμείψασθαι

143 2929 256 3000 ὁτιοῦν
277 2933 333 2998 καὶ
357 2936 453 3020 φέρει
472 2936 590 3020 χρῆσιν
612 2930 647 2997 ’ἐκ
667 2956 704 2997 τε
726 2919 909 3015 Ἀλκμᾶνος
930 2929 967 2997 τὸ
992 2925 1052 3011 ,or'r
1073 2932 1135 3023 γὰρ
1158 2936 1292 3024 πορφύ-

144 3060 205 3121 ρας
226 3032 348 3111 τόσσος
369 3034 486 3123 κόρος“
514 3037 570 3101 καὶ
594 3031 628 3099 ἐκ
655 3038 722 3110 τῶν
746 3033 951 3114 Θουκυδίδου
973 3034 1009 3102 τὸ
1034 3030 1199 3115 »ἀξιούτω
1221 3052 1292 3115 τοῖς

145 3132 276 3220 ὁμοίοις
299 3129 519 3220 ἀμύνεσθαι“,
548 3137 603 3219 qui
631 3138 719 3204 locus
748 3144 916 3222 excerptus
944 3145 993 3204 est
1014 3138 1047 3204 in
1068 3137 1168 3205 schol.
1191 3140 1291 3205 Thuc.

144 3238 169 3305 Ι,
182 3241 232 3304 42.
257 3230 455 3325 ἒμύνεσθαι]
479 3231 699 3323 ἀμείψασθαι
720 3240 808 3306 etin
830 3241 933 3305 lexico
956 3241 1113 3306 rhetorico
1128 3246 1201 3323 post
1217 3241 1291 3306 Phi-

144 3341 303 3407 lemonem
333 3339 383 3405 ed.
407 3337 526 3405 Osann.
549 3362 580 3425 p.
593 3344 665 3405 234.
707 3342 759 3405 Ex
781 3341 995 3424 Aristophane
1021 3341 1092 3424 ipsc
1123 3341 1206 3406 hanc
1235 3342 1290 3408 ad-

144 3442 339 3508 notationem
368 3442 410 3507 ab
439 3440 605 3508 Eustathio
635 3448 795 3525 sumptam
827 3462 897 3508 esse
930 3441 1060 3508 minime
1092 3443 1290 3511 crediderim.

143 3546 254 3610 Immo'
267 3544 381 3628 petiuit
403 3564 475 3610 eam
490 3565 508 3611 e
523 3543 636 3610 lexicis
657 3543 839 3628 rhetoricis,
862 3542 978 3626 quibus
992 3562 1119 3629 semper
1134 3546 1291 3630 utebatur,

142 3643 165 3710 i.
181 3664 209 3709 e.
232 3664 272 3710 ex
293 3645 386 3712 Aelio
408 3645 564 3731 Dionysio
587 3651 620 3714 et
640 3646 811 3713 Pausania.
856 3647 972 3713 Glossa
992 3648 1089 3729 igitur
1109 3669 1167 3732 per
1188 3648 1290 3732 Didy-

144 3768 230 3813 mum
252 3747 305 3812 uel
327 3746 530 3832 Pamphilum
552 3748 595 3815 ad
615 3749 689 3815 illos
717 3749 846 3816 uidetur
874 3748 1076 3833 peruenisse,
1106 3769 1201 3831 quam
1224 3770 1291 3815 rem

143 3850 216 3917 ideo
238 3855 359 3915 certam
380 3855 474 3934 puto,
504 3850 582 3931 quia
602 3849 719 3918 Suidas
741 3873 766 3918 s.
783 3873 813 3918 u.
838 3842 1028 3934 ἀμύνεσθαι
1050 3851 1192 3934 glossam
1214 3871 1291 3918 sane

143 3951 271 4017 doctam
299 3951 446 4035 exhibet,
480 3971 577 4036 quam
607 3956 663 4018 aut
691 3973 709 4019 e
737 3953 853 4020 Photio
886 3958 942 4018 ant
969 3974 988 4019 e
1015 3952 1103 4029 fonte
1132 3956 1290 4023 communi

142 4052 264 4138 petiuit.
