3142 4700
368 318 548 387 Quaestiones
565 319 600 375 de
617 319 783 376 scholiorum
801 319 1037 391 Thucydideorum
1054 290 1184 377 fonshus.
1294 320 1355 380 129

290 491 412 557 Eadem
442 510 495 557 res
524 490 661 558 cernitur
689 491 721 557 in
749 492 872 558 scholio
898 492 998 559 Thuc.
1014 495 1038 558 Ι.
1055 496 1105 558 38.
1130 491 1355 580 διαφερόν-

205 612 300 670 τως·
323 590 509 678 ἐξαιρέτως,
533 593 619 675 qnod
633 592 708 660 ideo
729 593 938 660 attioistarnm
962 613 1033 662 csse
1056 593 1254 679 crediderim,
1280 596 1356 676 quia

207 696 320 763 eadem
347 695 435 780 apud
456 694 653 779 Hesychium
676 701 708 762 et
731 694 864 761 Snidam
886 715 912 762 s.
933 717 964 762 n.
987 696 1197 763 inueniuntur.
1242 696 1357 764 Cetera

206 796 311 864 lexiea
332 796 415 863 hanc
437 798 576 877 glossam
600 797 726 864 omnino
748 819 811 864 non
834 798 995 865 exhibent.

288 899 393 965 Aliter
402 897 509 964 iudico
524 898 566 964 de
577 897 697 964 Saldae
711 900 821 981 glossa
836 896 1004 976 ἐλπίσας
1009 951 1018 985 ‚
1033 919 1129 982 quam
1140 900 1356 968 Schwartaius

203 1024 235 1087 p.
249 1007 298 1066 50.
322 1001 365 1067 ad
384 1000 539 1067 atticistas
561 1000 697 1066 rettulit:
721 992 760 1065 od
783 999 887 1083 μόνον
910 993 968 1066 ἐπ>
987 994 1118 1087 ἀγαθῷ,
1142 993 1219 1066 dtl'
1238 997 1356 1078 άπλαῖς

205 1100 262 1168 ἐπὶ
285 1105 327 1189 τῇ
350 1105 410 1167 τοῦ
431 1101 609 1184 μέλλοντος
639 1098 772 1184 ἐκβάσει
801 1103 931 1188 λέγεται
958 1095 1044 1189 παρ>
1069 1096 1241 1181 Ἀττικοῖς.
1285 1104 1358 1184 Qua

206 1225 277 1272 cum
293 1204 500 1271 adnotatione
523 1204 666 1270 scholion
688 1203 730 1268 ad
745 1203 844 1270 Thuo.
861 1206 886 1270 I.
901 1210 927 1270 1.
949 1225 1078 1289 prorsus
1100 1208 1256 1272 conuenit.
1291 1204 1357 1271 Sed

206 1327 278 1374 cum
300 1306 516 1373 Schwartaius
536 1306 607 1392 ipse
628 1308 769 1389 glossam
791 1306 878 1391 apud
900 1307 1067 1392 neminem,
1092 1308 1155 1374 nisi
1176 1307 1261 1394 apud
1286 1306 1357 1374 Sui-

207 1408 281 1474 dam
304 1429 341 1476 sc
361 1409 522 1476 inuenisse
544 1408 647 1492 dicat,
676 1408 805 1475 omnino
826 1410 979 1476 incertum
1010 1417 1075 1493 est,
1103 1410 1228 1475 onlnem
1250 1409 1356 1479 ,ueteri

205 1510 414 1593 grammatico
437 1530 476 1575 ea
500 1510 705 1577 attribuenda
733 1511 790 1594 sit;
820 1531 893 1577 nam
916 1510 1034 1577 Suidas
1061 1510 1237 1578 doctrinam
1265 1531 1356 1577 suam

207 1632 225 1678 e
247 1611 369 1679 scholio
391 1610 601 1695 Thucydideo
622 1610 749 1678 haurire
771 1613 884 1696 potuit.

291 1712 441 1778 Scholion
461 1713 564 1779 Thus.
580 1713 604 1778 Ι.
622 1717 672 1778 30.
701 1713 763 1779 hoc
784 1718 847 1780 est:
878 1709 1077 1799 ἐπίνειον]
1107 1711 1255 1780 ἐπίνειόν
1285 1712 1357 1779 ἐστι

205 1813 358 1896 πόλισμα
379 1812 679 1900 παραθαλάσσιον,
703 1811 789 1879 ἔνθα
810 1811 853 1878 τά
876 1813 998 1900 νεώρια
1018 1817 1085 1880 τῶν
1107 1814 1239 1881 πόλεών
1261 1815 1355 1897 εἰσιν,

206 1907 316 1999 ὥςπερ
339 1910 356 1980 ὁ
381 1913 561 1998 Πειραιεὺς
582 1919 649 1981 τῶν
670 1909 862 2004 Ἀθηναίων
883 1918 940 1981 καὶ
960 1911 980 2003 ἡ
1004 1920 1134 1983 Νίσαια
1158 1921 1216 2006 τῆς
1238 1924 1357 2004 Μεγα-

205 2016 315 2102 ρίδος·
345 2016 485 2100 δύνασαι
508 2018 544 2084 δὲ
566 2016 625 2084 ἐπὶ
647 2015 775 2095 παντὸς
797 2015 961 2106 ἐμπορίου
986 2020 1043 2084 καί
1069 2022 1357 2108 παραθαλασσίοο

202 2118 399 2207 χρήσασθαι
412 2123 462 2206 τῷ
475 2113 616 2205 ὀνόματι
631 2119 749 2207 τούτῳ,
772 2117 791 2186 ὃ
814 2123 871 2186 νῦν
893 2120 926 2186 οἱ
947 2122 1069 2187 πολλοὶ
1091 2116 1276 2208 κατάβοέλον
1297 2149 1357 2189 κα-

206 2221 330 2288 λοῦσιν.
376 2223 472 2290 Cuius
502 2224 616 2291 scholii
645 2223 765 2309 fontes,
796 2223 871 2305 quia
891 2224 1025 2291 Photius
1052 2224 1114 2292 hoc
1142 2226 1211 2292 loco
1240 2225 1357 2309 deficit,

205 2324 392 2409 aperiuntur
414 2325 532 2392 collata
553 2325 697 2412 Hesychi
721 2326 846 2410 glossa,
877 2344 960 2407 quac
981 2323 1068 2392 haud
1090 2325 1187 2393 dubie
1209 2331 1358 2411 corrupta

206 2431 270 2492 est:
304 2424 490 2512 ἐπήνιον·
513 2425 833 2514 προςορμισσήριον·
854 2424 961 2503 τόπος
983 2425 1278 2513 reparationum,
1300 2429 1358 2495 ubi

207 2513 404 2595 Schmidtins
419 2533 506 2594 recte
522 2524 670 2593 ἐπίνειον
684 2528 832 2610 restituit,
851 2534 883 2600 et
900 2527 1018 2595 Suidae
1032 2530 1142 2612 glossa
1154 2530 1270 2615 priore,
1293 2550 1357 2612 qna

206 2628 447 2714 Hesychianum
468 2630 574 2695 locum
596 2648 617 2694 a
639 2627 817 2695 Schmidtio
845 2628 888 2695 ad
910 2629 1133 2714 Thucydidem
1161 2638 1247 2698 recte
1274 2634 1357 2699 rela-

206 2740 272 2797 tum
295 2749 366 2797 esse
388 2729 553 2797 docemur:
575 2727 733 2806 ἐπίνειον.
760 2730 1047 2817 παραθαλάσσιον
1066 2736 1190 2817 χωρίον
1211 2722 1232 2820 ἢ
1253 2757 1357 2820 προς-

141 2905 144 2912 A
206 2830 420 2919 ορμητήριον,
454 2827 472 2898 ά
504 2830 680 2917 λεγόμενος
708 2830 902 2916 κατάβολος.
949 2831 1107 2899 Ardentis
1137 2832 1217 2900 hacc
1246 2834 1358 2902 deberi
1455 2900 1466 2921 ‚

208 2955 246 3002 eo
269 2934 429 3018 firmatur,
451 2935 537 3017 qnod
559 2955 671 3002 nocem
693 2933 879 3019 κατάβσίος
900 2933 1072 3002 secundum
1095 2934 1252 3018 Stephani
1273 2937 1357 3003 The·

206 3056 333 3104 sacrum
348 3057 373 3104 s.
386 3058 416 3104 u.
438 3036 610 3122 praecipue
624 3038 839 3123 sophistarum
853 3038 1061 3124 posteriorum
1084 3039 1279 3123 temporibus
1293 3041 1357 3105 usi-

207 3142 307 3204 tatam
322 3139 420 3206 fuisse
439 3140 572 3223 scimus,
594 3140 732 3206 utillud
754 3143 811 3205 νῦν
832 3140 1025 3208 scholiastae
1047 3138 1090 3206 ad
1111 3140 1193 3207 hacc
1213 3145 1358 3225 tempora

206 3239 227 3305 i.
245 3259 273 3306 e.
295 3239 339 3307 ad
360 3239 533 3306 secundum
555 3245 627 3323 post
649 3240 722 3307 Ghr.
745 3264 774 3307 n.
798 3242 961 3309 saeculum
982 3241 1181 3307 referendum
1203 3240 1254 3307 sit

261 3375 263 3380 ·
293 3341 499 3409 Luculentins
514 3340 611 3409 etiam
627 3342 809 3426 exemplum
824 3347 874 3408 est
887 3342 1031 3408 scholion
1045 3341 1145 3408 Thuc.
1156 3343 1182 3409 Ι.
1193 3346 1251 3408 26:
1265 3337 1353 3408 κατ>

207 3440 426 3530 ἐπήρειαν·
454 3439 539 3508 κακά
567 3441 694 3529 βλάβην
724 3441 936 3523 ocdoadum,
965 3434 1060 3519 ὅπως
1084 3440 1189 3510 πάλιν
1218 3445 1358 3513 στασιά-

209 3564 313 3611 σωσιν
335 3534 356 3632 ἢ
377 3536 451 3610 κατ’
471 3537 629 3633 ἀπειλήν,
656 3564 793 3628 quocum
815 3545 938 3610 nnllam
960 3543 1101 3611 conferre
1121 3567 1290 3631 possumus
1312 3551 1357 3616 lo·

207 3665 280 3712 cnm
294 3646 593 3731 lexicographorum
612 3647 674 3713 nisi
689 3645 810 3713 Suidae
832 3643 988 3732 ἐπήρεια·
1010 3644 1128 3734 βλάβη.
1154 3649 1359 3735 Θονκυδίδης

207 3745 364 3825 „rorigus
387 3746 569 3834 φεύγοντας
591 3746 739 3814 ἐκέλευον
759 3740 835 3813 κατ>
854 3745 1013 3836 ἐπήρειαν
1035 3748 1195 3830 δέχεσθαι
1218 3744 1358 3828 aaut&

209 3851 243 3932 (i.
257 3870 283 3916 e.
302 3849 403 3916 Thac.
418 3847 538 3934 Lao),
565 3848 609 3915 ad
632 3869 727 3933 quam
747 3851 889 3932 glossam
911 3851 972 3918 hoo
994 3849 1140 3916 additum
1167 3856 1217 3917 est
1245 3853 1357 3921 uerilo

208 3951 333 4035 quium:
361 3954 481 4038 κυρίως
503 3948 539 4015 δὲ
561 3948 702 4039 ἐπήρετο
723 3946 743 4039 ἦ
766 3955 826 4017 τοῦ
847 3953 996 4035 πολέμου
1024 3950 1214 4040 καταδρομὴ
1237 3951 1272 4018 ἐκ
1299 3958 1359 4020 τοῦ

212 4047 309 4141 Ἄρης
331 4045 464 4139 Ἄρεως.
509 4050 587 4119 (lum
609 4056 698 4122 locus
719 4053 919 4140 Thucydidis
948 4054 1127 4140 adscriptus
1153 4055 1209 4140 sit,
1239 4057 1358 4125 fontem

257 4161 377 4214 Leipzigsr
389 4161 490 4205 Studien.
507 4161 544 4205 IV.
1135 4157 1151 4209 9
