3142 4700
215 1189 319 1287 Tituli
333 1220 506 1308 notissimi,
526 1241 610 1304 quos
631 1224 738 1287 fausta
759 1219 827 1285 fata
842 1239 860 1284 e
875 1219 976 1285 uastis
997 1221 1062 1286 illis
1078 1220 1278 1303 antiquitatis

135 1321 324 1399 Graecorum
354 1323 453 1390 ruinis
482 1328 706 1406 seruauerunt,
734 1323 836 1389 textui
858 1322 1083 1411 Thucydideo,
1113 1323 1216 1405 qualis
1242 1324 1277 1389 in

134 1421 293 1490 codicibus
315 1425 450 1492 traditus
473 1431 536 1509 est,
558 1445 621 1492 non
644 1430 765 1490 tantam
787 1423 884 1490 fidem
907 1424 1108 1490 tribuendam
1131 1445 1202 1491 esse
1220 1426 1277 1491 do-

135 1532 277 1609 cuerunt,
302 1532 452 1608 quantam
475 1528 541 1609 iere
558 1548 668 1592 omnes
684 1526 784 1592 critici
799 1528 873 1593 inde
888 1547 909 1589 a
923 1527 1113 1611 Popponc
1135 1534 1167 1593 et
1180 1528 1274 1593 Bek-

132 1626 225 1693 kero
249 1647 350 1710 usquc
372 1628 415 1694 ad
437 1629 675 1695 Classenum
703 1628 886 1694 habendam
915 1628 963 1692 illi
986 1647 1057 1693 esse
1079 1635 1275 1696 censuerunt.

132 1728 233 1793 Antea
255 1725 383 1810 quidem
406 1750 468 1796 non
491 1736 574 1813 erat,
604 1751 659 1795 cur
686 1730 766 1795 haec
795 1728 953 1805 sententia
973 1728 1006 1793 in
1030 1727 1161 1794 dubium
1183 1750 1275 1795 uoca-

90 1821 96 1826 ’
131 1833 229 1894 retur:
253 1831 310 1895 scd
332 1850 404 1896 cum
419 1831 641 1914 inscriptiones
656 1852 677 1896 a
692 1830 890 1914 Thucydidis
905 1835 994 1896 textu
1010 1830 1228 1916 discrepantes
1243 1832 1275 1897 in

132 1929 278 2014 Corporis
290 1932 531 2018 Inscriptionum
542 1934 717 1999 Atticarum
729 1933 793 1999 uol.
803 1933 827 1999 I.
840 1954 868 1997 n.
880 1935 960 2013 179,
972 1933 1024 1998 IV.
1038 1954 1067 1997 n.
1076 1932 1144 1998 46¹³.
1157 1935 1277 2019 publici

130 2033 205 2098 iuris
227 2036 331 2100 factae
350 2028 479 2118 essent,
510 2037 625 2117 quibus
652 2036 848 2119 corruptelas
870 2035 971 2100 latere
993 2035 1141 2118 apparuit
1163 2037 1214 2102 uel
1237 2037 1276 2102 iis

129 2134 224 2219 locis,
247 2137 361 2217 quibus
383 2158 477 2204 nemo
500 2137 651 2216 crederet,
674 2156 808 2220 magnus
830 2143 931 2203 terror
953 2136 1079 2203 criticos
1101 2135 1134 2202 in
1149 2137 1276 2223 Thucy·

129 2235 204 2300 dide
220 2243 385 2305 uersantes
400 2238 526 2305 inuasit.
564 2238 630 2304 Alii
652 2222 957 2322 scriptoremipsum
977 2258 1213 2319 nonnumquam
1229 2258 1276 2304 cr-.

129 2359 217 2405 rasse
233 2345 420 2406 censuerunt
435 2338 488 2424 (cl.
501 2340 594 2425 Oorp.
604 2341 699 2405 lusor.
713 2340 808 2408 Attio.
820 2342 883 2407 uol.
895 2342 918 2406 Ι.
929 2362 959 2405 n.
975 2336 1068 2423 179),
1085 2340 1140 2405 alii
1154 2344 1276 2430 textum

129 2442 182 2506 uel
205 2441 328 2507 mendis
351 2441 548 2525 inquinatum
571 2441 624 2506 uel
639 2441 702 2506 iam
718 2442 841 2526 pridem
859 2440 1045 2526 διόρθωσιν
1060 2460 1188 2525 passum
1206 2462 1277 2509 esse

130 2542 402 2608 existimauerunt.
439 2542 543 2620 Quam
559 2543 748 2608 sententiam
764 2564 835 2608 cum
852 2563 955 2608 meam
978 2542 1109 2626 faciam,
1133 2543 1275 2611 Schoe-

128 2644 194 2710 nio
217 2641 396 2725 adsentior,
426 2663 498 2709 cum
521 2643 598 2713 dicit
626 2643 668 2708 ad
697 2664 807 2710 uerum
836 2644 977 2711 historici
999 2651 1135 2728 textum,
1170 2643 1276 2728 quoad

105 2745 197 2811 ·eius
219 2744 289 2810 fieri
310 2745 427 2829 possit,
450 2745 704 2811 constituendum
727 2745 761 2809 id
789 2747 928 2812 maxime
950 2747 1085 2829 requiri,
1114 2739 1148 2811 ut
1170 2749 1277 2813 omnia

82 2933 84 2938 Ι
127 2847 327 2938 testimonia,
358 2847 473 2927 quibus
495 2847 558 2914 loci
580 2846 782 2932 Thucydidei
812 2847 993 2930 tradantur,
1024 2867 1120 2929 quam
1143 2846 1274 2929 diligen·

127 2949 251 3014 tissime
273 2955 509 3032 perscrutemnr
524 2956 555 3015 et
569 2949 644 3015 inde
660 2969 900 3034 cognoscamus,
923 2954 1001 3031 quot
1015 2954 1047 3016 et
1062 2955 1198 3032 quantas
1213 2951 1275 3016 sin-

7 3069 9 3078 ’
125 3051 213 3134 gulis
242 3050 321 3115 locis
352 3055 459 3117 textus
489 3053 684 3136 corruptelas
714 3051 850 3135 habeat;
887 3070 951 3133 qua
980 3052 1013 3117 in
1041 3071 1076 3116 re
1105 3053 1276 3137 praecipue

126 3152 331 3237 respicienda
349 3171 420 3219 esse
436 3159 588 3237 excerpta
602 3153 752 3237 auspiciis
768 3151 966 3220 Constantini
981 3152 1276 3235 Porphyrogenneti

125 3254 283 3339 conlecta,
305 3256 392 3321 locos
414 3252 640 3339 Thucydideos
656 3255 845 3338 aDionysio
861 3254 1118 3320 Halicamasensi
1138 3256 1274 3339 exscrip-

125 3363 188 3440 tos,
205 3356 379 3440 scripturae
393 3356 575 3438 uarietates,
591 3357 720 3438 quaein
736 3355 867 3423 scholiis
882 3355 1100 3439 Thucydideis
1115 3356 1275 3424 inuenian—
1306 3435 1309 3441 ,
1423 3396 1428 3403 ·

125 3465 189 3524 tur.
226 3460 274 3524 Ac
296 3457 337 3523 dc
360 3458 517 3543 excerptis
532 3458 766 3524 Constantineis
785 3458 960 3524 Schoenius
983 3458 1053 3541 ipse
1075 3479 1110 3523 se
1132 3466 1275 3526 acturum

125 3580 201 3627 esse
231 3559 383 3643 promisit.
428 3561 477 3625 De
506 3560 642 3645 Dionysi
670 3560 846 3645 exemplari
868 3559 1077 3644 Thucydideo
1108 3559 1277 3644 diligenter
1392 3593 1394 3596 v

124 3659 296 3742 inquisiuit
309 3661 416 3726 Leon
433 3661 565 3729 Sadee
585 3662 619 3726 in
641 3660 864 3728 dissertatione
887 3662 927 3728 de
942 3662 1077 3746 Dionysi
1089 3663 1274 3728 Halicarna-

72 3782 76 3789 ·
124 3763 234 3829 sensis
249 3761 375 3846 scriptis
391 3760 569 3846 rhetoricis,
593 3782 675 3845 quae
690 3764 867 3831 continetur
881 3764 1138 3829 dissertationum
1153 3765 1273 3845 Argen·
1323 3759 1327 3762 ’
1433 3778 1439 3785 ·

125 3866 338 3932 toratensium
354 3865 416 3930 uol.
434 3863 472 3928 11.
489 3864 564 3956 anni
583 3867 671 3930 1879.
708 3869 831 3933 Doctus
851 3866 908 3933 ille
931 3867 979 3931 uir
994 3865 1155 3931 codicibus
1171 3863 1291 3931 denuo

123 3967 256 4033 collatis
284 3987 351 4035 rem
379 3965 425 4031 ita
446 3964 602 4049 absoluit,
631 3970 667 4031 ut
695 3965 735 4032 de
764 3967 940 4052 exemplari
967 3968 1022 4033 illo
1051 3965 1146 4031 etde
1168 3967 1274 4033 condi-

123 4069 222 4135 cione
249 4069 408 4150 locorum,
438 4086 517 4150 quos
540 4066 713 4150 Dionysius
742 4072 798 4134 aut
825 4067 970 4138 laudauit
997 4071 1053 4133 aut
1073 4066 1275 4152 uituperauit,

1037 4170 1052 4220 5
1058 4166 1074 4201 *
