3142 4700
347 255 524 323 Quaestioues
541 255 574 310 de
592 256 756 311 scholiorum
773 256 1009 327 Thucydideorum
1026 257 1158 314 fontibus.
1288 260 1326 318 87
1374 316 1376 319 ,

182 429 319 511 ratione,
350 447 544 511 quamquam
566 447 675 494 omnes
704 430 791 496 locos
812 428 1150 515 Thucydidoos'apud
1171 430 1328 499 Herodia-

182 552 258 597 num
279 530 394 596 allatos
416 520 632 614 perscrutatus
660 550 746 616 sum,
761 533 897 598 'nullum
926 553 978 598 me
1007 534 1187 616 repperisse
1214 533 1326 617 fateor,
1409 530 1412 535 ⁴

183 652 277 714 quern
298 632 367 698 sine
389 632 455 698 ulla
478 630 677 699 dubitatione
705 652 779 699 cum
804 634 932 700 scholio*
949 633 1160 719 Thucydideo
1184 623 1345 703 conferre¹

181 734 310 818 possim.
348 734 486 800 Alterius
508 754 584 800 uero
606 735 732 816 generis
753 756 851 802 unum
867 734 997 817 quidem
1013 739 1194 822 exemplum
1209 738 1327 822 inueni,

182 854 245 918 quo
267 835 443 902 Herodiani
472 835 632 918 scriptaa
662 836 843 914 scholiastis
872 844 1024 921 usurpata
1052 857 1123 906 esse
1151 838 1327 921 ostendam.

181 938 332 1021 Legimus
362 938 445 1003 enim
478 937 564 1022 apud
592 937 742 1005 Photium
771 958 797 1005 u.
819 960 849 1006 u.
883 936 1051 1025 λῃστικόν·
1087 938 1240 1025 λῃστικόν
1271 944 1328 1029 καὶ

181 1036 355 1126 λῃστρικόν
378 1037 541 1127 διαφέρει.
563 1038 600 1105 τό
625 1040 685 1123 μὲν
708 1038 800 1116 ἐκτός
821 1043 881 1124 τσῦ
900 1065 919 1128 ρ
946 1040 1157 1127 σῃμαίνσιτό
1179 1038 1329 1130 σῦστῃμα

179 1143 246 1205 τῶν
269 1142 413 1227 λῃστῶν·
435 1139 472 1207 τδ
498 1141 533 1206 δὲ
554 1139 639 1224 μετὰ
654 1140 720 1207 τοῦ
742 1147 760 1226 ῥ
784 1139 821 1208 τό
845 1145 953 1230 κτῆμα
973 1145 1040 1207 τῶν
1063 1143 1207 1229 λῃστῶν·
1240 1148 1328 1210 Θον-

179 1241 312 1329 κυδίδης
335 1240 369 1307 δν
392 1241 438 1306 α’·
461 1241 558 1331 τότε
580 1241 734 1329 λῃστικόν
751 1232 895 1330 καθῄρέι
918 1241 951 1308 ἐκ
972 1242 1158 1332 θαλάσσης.
1197 1246 1347 1331 Spectat-

179 1351 290 1410 auctor
311 1345 404 1411 huius
419 1346 632 1412 adnotationis
648 1343 691 1410 ad
705 1340 806 1412 Thuc.
818 1347 843 1412 Ι.
856 1352 896 1429 4.,
918 1346 973 1412 ubi
988 1347 1049 1412 hoc
1062 1340 1219 1414 habemus
1234 1348 1325 1414 scho-

178 1446 259 1513 lion:
283 1444 435 1532 λῃστικδν
456 1444 494 1512 τό
520 1444 670 1534 σύστημα
676 1498 684 1526 ,
708 1441 807 1534 ἤγουν
823 1447 856 1513 οἱ
872 1447 1006 1533 λῃσταί·
1030 1445 1205 1534 λῃστρικόν
1227 1448 1263 1513 δὲ
1285 1447 1323 1515 τό

177 1551 294 1635 κτῆμα,
318 1549 403 1632 quod
426 1569 505 1616 sane
526 1549 640 1615 eadem
661 1542 802 1615 continet
823 1556 920 1631 atque
935 1550 1084 1634 Photius,
1107 1552 1252 1632 quamuis
1271 1551 1326 1618 de·

70 1639 74 1648 ’
179 1657 309 1717 curtata.
345 1651 470 1717 Similia
491 1653 587 1717 refert
600 1648 801 1734 Phrynichus
823 1674 854 1736 p.
867 1655 940 1736 242,
963 1670 1058 1733 quem
1080 1640 1250 1719 adlocum
1264 1654 1326 1719 Lo·

178 1753 311 1818 bechius
326 1751 367 1818 de
388 1759 543 1837 perpetua
563 1752 690 1818 illarum
712 1753 885 1818 formarum
907 1752 941 1817 in
963 1752 1126 1820 codicibus
1141 1754 1326 1821 confusione
1349 1775 1355 1785 ’

177 1854 306 1920 uberius
322 1854 460 1938 exponit.
497 1854 632 1919 Fontem
654 1872 729 1918 uero
745 1854 839 1920 huius
855 1854 1076 1939 explicationis
1091 1875 1153 1920 non
1168 1856 1323 1923 habemus

176 1956 303 2022 Aelium
318 1955 518 2040 Dionysium,
539 1961 575 2020 ut
596 1954 811 2021 Schwartzius
826 1957 896 2023 Ael.
912 1957 1007 2022 Dion.
1022 1953 1060 2041 p.
1077 1960 1127 2022 87.
1150 1959 1324 2042 contendit,

176 2057 235 2125 sed
248 2057 467 2124 Herodianum
482 2059 516 2123 in
531 2057 652 2141 libello,
675 2056 730 2138 qui
747 2056 947 2145 Φιλέταιρος
961 2058 1130 2142 inscriptus
1148 2065 1205 2142 est,
1229 2079 1324 2141 quem
1371 2144 1377 2153 ι

176 2160 319 2227 inuenies
341 2160 374 2225 in
396 2160 573 2245 appendice
594 2158 746 2226 Moeridis
767 2159 983 2245 Piersoniani,
1006 2181 1037 2244 p.
1050 2165 1140 2225 lou:
1171 2159 1324 2247 λῃστικόν

175 2259 213 2327 τό
239 2259 390 2348 σύστημα
412 2265 478 2326 τῶν
501 2261 644 2347 λῃστῶν·
668 2258 843 2346 λῃστρικόν
867 2257 961 2337 δὲτδ
979 2264 1102 2350 κτῆμα·
1126 2260 1197 2327 οἷον
1212 2264 1268 2327 καὶ
1284 2261 1322 2328 τό
1373 2270 1376 2273 ’

178 2363 276 2451 ξίφος
297 2366 353 2428 καὶ
367 2362 404 2429 τό
421 2364 541 2429 ντλσῖσν
555 2365 612 2427 καὶ
630 2361 709 2428 εἴτι
731 2357 822 2428 ἄλλο.
859 2365 941 2430 Eum
957 2365 1041 2429 enim
1056 2364 1199 2430 libellum
1215 2384 1324 2446 quam·

179 2486 275 2548 quam
296 2466 537 2549 suppositicium
560 2483 631 2529 esse
647 2463 808 2548 Lehrsius,
830 2466 935 2532 Anall.
952 2465 994 2531 ad
1009 2465 1127 2532 Herod.
1143 2488 1174 2551 p.
1187 2469 1270 2551 418,
1282 2458 1325 2533 et

178 2568 327 2634 Lcntzius
342 2565 379 2649 (1.
391 2589 421 2652 p.
434 2564 518 2648 XV.)
533 2534 788 2648 affirmaudrunt,
810 2567 909 2633 iidem
923 2572 1031 2634 tamen
1045 2587 1107 2633 non
1125 2567 1323 2652 dubitauere,

178 2671 254 2752 quin
283 2669 384 2735 multa
411 2689 452 2734 ex
474 2666 650 2733 Herodiani
679 2662 806 2751 ‘scriptis
835 2671 936 2751 petita
962 2668 1072 2735 inille
1098 2669 1323 2735 inuenirentur.
1354 2681 1379 2689 ”

69 2796 73 2800 ’
176 2770 325 2856 Accedit,
349 2769 434 2853 quod
458 2768 630 2853 explicatio
651 2770 723 2853 ipsa
745 2770 893 2836 atticistis
915 2770 1044 2836 minime
1066 2771 1229 2853 conuenit,
1251 2791 1323 2837 curn

175 2876 243 2941 fere
256 2892 414 2956 nusquam
437 2872 478 2938 de
491 2871 600 2938 uerbis
615 2871 802 2956 synonymis
817 2871 1030 2956 exposuerint,
1053 2870 1112 2937 scd
1129 2871 1236 2957 potius
1249 2873 1322 2941 Pto·
1397 2956 1400 2970 ‚

176 2977 299 3043 lemaeo
321 2974 527 3041 Ascalonitae
549 2974 601 3040 uel
622 2973 806 3058 Ammonio,
827 2979 863 3038 ut
883 2971 943 3040 hos
965 2975 1104 3059 exempli
1126 2994 1224 3041 causa
1245 2976 1322 3043 affe-

175 3099 252 3143 ram.
296 3075 472 3143 Herodiaui
502 3095 573 3142 esse
602 3096 674 3143 earn
696 3076 738 3142 ob
767 3095 895 3142 causam
926 3075 1086 3162 suspicor,
1116 3077 1192 3159 quia
1213 3083 1246 3142 et
1266 3078 1322 3143 ille

176 3178 218 3246 de
240 3178 425 3263 synonymis
447 3177 573 3261 scripsit
594 3177 627 3243 in
648 3177 739 3243 libris
761 3179 841 3264 περὶ
863 3170 1098 3264 όρθσγρσφίας
1116 3185 1149 3243 et
1163 3197 1235 3243 cum
1249 3177 1320 3243 atti·
1438 3245 1440 3248 .

69 3294 72 3300 '
176 3283 326 3348 cistarum
348 3278 652 3362 glossae'imprimis
674 3277 823 3344 Photiani
845 3280 941 3345 lexici
963 3277 1084 3344 auxilio
1106 3277 1322 3346 restituendae
1361 3298 1363 3302 ·

176 3383 255 3466 sint,
279 3380 313 3447 id
334 3380 422 3446 haud
444 3379 536 3463 parui
557 3377 684 3445 uidetur
705 3380 874 3462 momenti,
897 3378 984 3462 quod
1006 3380 1089 3445 hanc'
1103 3379 1242 3464 glossam
1257 3400 1321 3445 non

175 3485 209 3549 in
224 3489 374 3550 contextu
397 3484 482 3567 ipso,
505 3481 563 3547 sed
585 3479 619 3546 in
634 3486 778 3547 extrema
800 3480 918 3547 codicis
940 3479 1059 3565 pagina
1073 3500 1169 3546 mauu
1189 3480 1321 3564 antiqua

174 3586 369 3670 adscriptam
391 3583 527 3654 inueniri
550 3584 659 3651 Naber
680 3582 916 3667 ipse-testatur.
950 3682 954 3689 ἱ

710 3773 782 3852 sa
1319 3851 1322 3860 ,

260 3891 294 3956 Si
310 3889 628 3964 Ohoeroboscum
645 3859 837 3955 scholiorum
851 3856 1031 3976 nostrorum
1045 3891 1207 3952 auctorem
1221 3886 1319 3953 fuisse

174 3992 325 4077 dicimus,
346 3992 427 4059 nihil
449 3990 537 4057 aliud
559 3988 711 4073 dicimus,
733 4008 830 4071 quam
844 3986 1062 4055 Herodianum
1084 4006 1192 4054 corum
1212 3993 1318 4055 aucto·
